2854 4798
434 211 895 295 nnn.1.cc1’.as-sa.
1196 201 1242 290 aa

158 389 368 471 cohortibus,
388 411 493 478 nuper
514 413 533 458 a
557 389 667 460 Galba
689 390 826 459 olvitate
849 389 1012 474 donatae,
1040 397 1076 460 et
1097 390 1282 464 Statiusoe.

158 492 294 560 Murcus
314 496 526 582 speculatum
545 517 564 562 a
586 495 709 582 quibus
730 503 923 582 protractus
940 493 1022 563 Piso
1044 497 1079 564 in
1099 497 1231 570 loribus

158 597 275 683 templi
302 597 502 667 trucidatur.
558 602 613 672 ll.
644 597 785 666 Nullam
816 598 951 666 caedem
983 598 1075 676 Otbo
1105 599 1230 674 maiore

154 699 286 768 laetitia
309 704 491 792 excepisse,
515 703 643 770 nullum
663 709 766 792 caput
787 709 857 770 tam
879 702 1129 774 insatiabilibus
1150 727 1230 774 ocu-

153 804 199 872 lis
222 807 449 892 perlustrasse
471 805 612 892 elicitur,
645 829 707 874 aen
736 813 809 883 tum
833 807 976 895 primum
1006 809 1116 879 levata
1139 811 1229 890 omni

152 907 382 977 sollicitudine
401 932 494 978 mene
516 931 634 978 vacare
655 908 777 996 gaudio
790 923 965 1001 coeperat,
988 933 1048 978 seu
1069 913 1228 984 reeorda-

153 1015 203 1080 tio
224 1016 411 1082 maiestatis
440 1016 475 1082 in
498 1009 605 1082 Galba
614 1058 628 1090 ‚
659 1015 826 1082 amicitiae
847 1015 882 1082 in
897 1013 1089 1084 TitoViuio
1111 1039 1227 1106 quarn·

151 1117 205 1186 vis
227 1119 387 1186 immitem
411 1119 556 1186 animum
585 1115 730 1202 imagine
755 1119 851 1184 tristi
880 1117 1096 1188 confuderat:
1121 1117 1226 1194 Pisas

151 1221 206 1288 nis
231 1229 269 1288 ut
290 1221 417 1290 inimici
438 1231 473 1288 et
494 1221 616 1288 aemuli
636 1219 738 1286 caede
758 1221 880 1290 laetari
901 1223 955 1290 ins
977 1221 1225 1311 torquemus.

151 1325 222 1396 bat.
267 1324 420 1394 Proelixa
437 1325 546 1392 contio
569 1325 679 1415 capita
699 1322 930 1410 gustabuntur,
950 1325 1040 1394 inter
1061 1327 1155 1412 signa
1169 1347 1225 1398 oo·

151 1431 317 1513 bertium,
337 1432 431 1496 iuxta
450 1429 600 1515 aquilem
622 1427 776 1514 legionis,
798 1430 953 1496 oertotim
976 1429 1224 1502 ostentantibus

150 1543 308 1602 cruentes
331 1554 466 1616 monas3
496 1532 556 1620 qni
577 1531 787 1612 occiderant,
815 1531 875 1618 qui
895 1531 1134 1613 interfuerant,
1163 1533 1223 1621 qui

148 1659 246 1720 vero,
266 1638 325 1728 qui
345 1638 453 1730 falso,
474 1645 514 1703 ut
534 1635 707 1726 polubrum
729 1641 766 1702 et
784 1635 1000 1712 memorabile
1020 1635 1151 1706 lacinus
1172 1635 1223 1704 ia·

146 1743 297 1814 ctabcnt.
341 1741 464 1810 Plures
489 1761 589 1830 qaam
610 1747 742 1806 eentum
765 1745 800 1804 et
821 1738 940 1824 viginti
964 1739 1100 1808 libellos
1123 1760 1221 1828 pree·

97 1927 105 1940 .
145 1849 249 1914 mium
271 1847 518 1937 exposcentium
542 1843 585 1910 eb
610 1843 755 1930 aliquam
778 1841 958 1910 notabile·
978 1844 1039 1910 illa
1064 1841 1119 1910 dia
1140 1863 1220 1932 ope·

145 1973 218 2019 ram
241 1951 404 2019 Vitellius
427 1957 546 2040 postea
564 1949 709 2029 invenit3
740 1967 920 2034 omnesque
938 1947 1092 2036 conquiri
1113 1953 1148 2013 et
1168 1945 1219 2012 in·

146 2055 257 2122 terfioi
278 2055 399 2136 iussit,
420 2075 486 2120 non
507 2053 633 2120 bonore
653 2049 803 2131 Galbae,
824 2047 884 2116 sed
907 2047 1034 2118 tradito
1058 2049 1216 2141 principi·¹

144 2157 210 2226 bns
235 2179 345 2240 mors,
374 2159 614 2224 munimentum
637 2151 681 2221 sd
704 2174 882 2242 praesens,
910 2154 1140 2242 inposterum
1164 2154 1217 2220 ul·

144 2262 282 2330 tionem.

244 2367 301 2433 lb.
352 2363 471 2430 Alium
509 2360 665 2428 crederes
692 2367 864 2444 senatum,
906 2361 1008 2427 alium
1043 2361 1217 2449 populum,

143 2485 245 2532 ruera
265 2463 378 2532 cuncti
398 2463 433 2530 in
454 2473 587 2543 cestra,
615 2463 744 2530 anteire
768 2465 957 2552 proximos,
985 2471 1116 2530 certare
1139 2485 1214 2530 eum

142 2567 456 2659 praecurrentibus,
491 2566 664 2655 increpare
692 2567 856 2649 Galbam,
891 2563 1031 2634 laudaro
1068 2567 1213 2642 militum

141 2670 320 2752 iudicium,
341 2669 527 2736 exosculari
549 2667 693 2737 Othonis
717 2693 867 2754 manum3
889 2678 1081 2759 quantoque
1104 2671 1213 2756 magio

142 2775 230 2843 falsa
245 2780 341 2840 erant
354 2794 440 2862 qnae
456 2772 598 2856 fiebant,
620 2781 715 2842 tanto
729 2777 828 2862 plura
842 2773 964 2842 facore.
1008 2771 1081 2838 Nec
1098 2794 1213 2862 asper-

142 2877 290 2946 nabatur
307 2877 458 2966 singulae
474 2877 577 2960 Otbo,
598 2877 730 2944 ariolum
751 2885 786 2945 et
806 2877 964 2943 minacem
986 2875 1129 2943 militum
1144 2878 1214 2944 ani-

140 3003 230 3049 ruam
261 3001 340 3048 voce
369 2981 527 3067 voltuque
558 2981 760 3070 tempaians.
808 2981 953 3048 Mariam
977 2977 1112 3048 celsum
1135 3001 1213 3048 con·

140 3088 249 3154 sulem
279 3083 490 3171 designatum
523 3091 559 3152 st
588 3084 717 3152 Galbae
743 3105 849 3172 neque
882 3084 917 3151 in
953 3089 1123 3152 extremae
1156 3105 1212 3153 res

139 3191 283 3257 amioum
305 3187 477 3276 fidumque
507 3185 551 3254 erl
579 3185 779 3276 supplicium
807 3186 1083 3275 expostulabant,
1115 3186 1213 3256 indu-

205 3364 237 3416 c.
250 3361 294 3415 4⁵.
327 3365 367 3416 act
383 3363 555 3429 rappttctom
575 3363 636 3416 edd.
659 3364 697 3415 At
713 3365 769 3414 Mo.
786 3359 955 3426 supportem
971 3364 1003 3413 ut
1019 3365 1058 3432 11,
1075 3366 1119 3418 uo.
1143 3364 1211 3420 Ma·

172 3446 224 3486 cer
242 3432 364 3486 anaema
378 3433 559 3498 poscebatur.

138 3583 236 3632 sores3
253 3583 326 3620 nune
338 3567 530 3622 solisletobrle
543 3567 651 3633 poults-
692 3569 758 3620 Mox
782 3566 832 3634 past
855 3569 931 3635 retro
950 3570 1012 3622 seit.
1039 3569 1208 3626 occiderant.

139 3652 190 3704 per
203 3638 336 3688 remorati
351 3643 416 3688 eunt
427 3639 523 3690 inulte.
692 3637 784 3690 Deru.

191 3736 223 3791 c,
235 3725 281 3790 n,
313 3738 447 3806 uam]
463 3741 535 3796 Μ
548 3739 651 3807 ¹¹¹⁸ss-
743 3706 964 3759 mammaeam.
974 3705 1140 3768 antonem]
1152 3711 1206 3761 Su.

693 3775 788 3839 eploor
800 3789 862 3826 earm
868 3775 1008 3828 beldello:
1024 3779 1207 3834 marom

139 3821 202 3861 ¹¹²⁰·
692 3855 847 3912 praesens,
881 3845 913 3896 te
936 3845 1099 3912 praeterunt¹
1112 3847 1206 3900 nant

191 3921 312 3968 manaae
335 3909 403 3974 east]
439 3910 651 3977 Heecdlrem13
692 3917 826 3968 mam.
868 3915 938 3966 Nom
959 3915 1025 3965 ente
1043 3917 1135 3969 omnin
1154 3931 1207 3970 no·

139 3991 204 4034 nem
235 3979 282 4042 qni
315 3977 500 4032 interfuerant
535 3983 650 4048 termus,
694 3995 747 4032 vus
762 3983 892 4047 prlnoepe
909 3983 1080 4046 superiorem
1092 3985 1205 4038 ulelsol-

140 4053 272 4102 eruentus
285 4061 383 4101 manus
397 4062 451 4107 non
466 4051 650 4103 ostentabant
694 4053 756 4120 tar,
774 4053 853 4118 quael
866 4053 979 4106 bonorto
990 4064 1091 4124 ecuss3
1108 4055 1207 4109 deinde
