2844 4794
475 269 597 344 cnr.
619 194 803 344 er-se¹
850 369 856 385 υ
1132 276 1177 346 eo

90 449 245 537 insignes
268 453 304 516 et
326 446 482 514 hostibus
504 448 608 515 simul
630 448 770 535 suisque
792 445 984 515 monstrati.
1028 445 1174 514 omnium

90 575 193 645 penes
221 552 282 618 hos
307 551 404 618 initia
428 573 633 640 pugnarum
661 552 744 618 baso
771 551 880 639 prima
909 569 1043 638 sempor
1074 551 1176 631 acics,

90 659 167 726 visu
188 677 285 725 nora.
327 650 418 720 Nom
438 677 481 722 ne
501 656 535 720 in
555 676 637 745 paoa
658 651 793 743 quidem
810 657 905 722 cultu
927 654 1060 720 mitiore
1083 675 1174 720 man-

15 809 16 848 3
89 767 268 842 suescunt3
297 757 384 824 nulli
408 756 528 826 domus
551 765 611 824 aut
633 778 714 844 eger
734 767 794 824 snt
815 758 928 847 aliqua
951 777 1049 825 euro:
1072 764 1175 845 prout

15 895 16 898 ¹
90 864 134 932 ad
158 882 324 952 quemque
345 881 476 944 venere,
498 862 645 943 aluntur,
667 857 943 948 prodigialium,
964 869 1174 950 contempto-

88 989 144 1035 res
175 965 248 1050 sui,
285 962 389 1030 doneo
418 965 600 1050 cnsanguis
630 971 788 1030 senectus
818 972 887 1032 iam
919 964 1024 1032 durae
1055 967 1174 1032 virtuti

16 1125 17 1148 ἒ
89 1072 239 1164 impares
261 1067 377 1134 iaciat.

192 1173 247 1242 32.
299 1166 449 1236 Proximi
473 1162 605 1236 chattis
634 1172 762 1234 eertum
790 1165 856 1232 inm
889 1167 984 1236 alveo
1009 1165 1173 1252 Rhenum,

157 1349 239 1399 cuttu
255 1344 373 1396 mitiore
390 1356 426 1394 ex
443 1343 549 1395 Arund.
567 1345 596 1394 et
613 1344 654 1392 at.
673 1341 764 1393 ssoivi
782 1357 842 1394 cum
861 1343 1012 1410 incensio,
1031 1347 1057 1399 b.
1076 1360 1100 1396 e.
1118 1348 1172 1397 mi-

124 1418 195 1469 tiore
215 1415 292 1466 vitae
309 1425 429 1480 genere,
453 1416 485 1463 ut
500 1411 568 1464 mitt
585 1411 662 1464 obito
680 1415 754 1462 Ann.
771 1413 824 1482 iii,
844 1413 886 1464 19.
926 1417 964 1464 At
981 1416 1038 1465 ΑΕ.
1056 1417 1172 1470 mitiore

123 1487 219 1538 cuitu.

90 1635 140 1674 sus
153 1621 206 1672 iuit
218 1623 246 1671 et
258 1618 389 1684 ignaviae
399 1618 605 1680 documentum
650 1619 790 1669 Romanos
800 1629 909 1669 reorum
921 1621 1171 1678 moeroremfflin.

91 1692 224 1756 quomodo
246 1689 331 1756 igitur
342 1687 478 1752 piurimis
492 1689 608 1750 placere
651 1689 701 1750 Ep.
718 1688 785 1753 vii,
804 1689 879 1752 22),
904 1689 945 1738 ita
964 1690 1036 1752 apuri
1055 1690 1171 1742 Chattos

90 1754 223 1825 poterat?
263 1757 320 1808 lies
342 1759 384 1808 ita
412 1770 444 1806 se
470 1759 553 1806 babet
579 1757 609 1805 ut
652 1755 796 1806 tristitiam
811 1757 1003 1821 significabat,
1026 1761 1099 1822 quod
1114 1763 1172 1810 tam

15 1861 16 1884 ;
91 1831 204 1894 opinor:
236 1826 330 1878 Chatti
351 1827 456 1876 crinem
480 1827 609 1876 barbam·
653 1826 699 1876 diu
716 1837 791 1876 nova
807 1827 901 1876 oooori
921 1827 1056 1878 iocinoris
1079 1831 1172 1894 gioria

92 1913 145 1964 que
160 1897 332 1948 summittere
353 1897 499 1961 sciebant,
524 1895 611 1944 donec
654 1897 793 1947 carerent.
829 1895 920 1945 Dono.

91 1970 201 2019 hostem
230 1966 413 2028 cecidissent;
448 1967 505 2014 turn
525 1977 613 2025 poue·
706 1962 936 2027 tumqueeoneat
955 1968 1172 2030 ..monstratu

92 2039 160 2090 bant
174 2037 311 2086 tondendo
326 2033 612 2098 etquasivirtutieie-
656 2032 781 2083 Obscura
800 2035 870 2082 baec
893 2037 921 2083 et
940 2045 1010 2096 quiae
1031 2036 1173 2096 explicare

93 2107 234 2156 dicabant.
268 2106 310 2155 Ab
324 2107 375 2154 boo
396 2104 459 2153 inde
473 2105 538 2153 actu
552 2102 613 2152 ior·
656 2113 798 2164 nequeam.
823 2103 969 2164 suspicor:
986 2105 1048 2154 iam
1061 2107 1111 2168 qut
1122 2119 1173 2158 oo-

93 2175 219 2225 tissimus
248 2173 365 2234 quisque
392 2173 480 2222 semet
505 2173 566 2233 ipse
595 2181 614 2220 a
655 2173 741 2234 erent,
764 2169 889 2236 insipoes
904 2173 933 2222 et
946 2171 1073 2223 bostibus
1087 2177 1173 2228 simui

92 2245 196 2295 ceteris
208 2242 530 2304 tortinnsdistinguebat.
544 2240 614 2288 Num
655 2241 771 2302 suisque
786 2239 951 2290 nwmtrote'.
992 2242 1097 2292 sensus
1112 2249 1172 2296 est:

92 2313 140 2376 qui
153 2312 269 2377 culpari
283 2309 446 2360 tortitudine
467 2311 563 2369 erant,
591 2309 613 2356 ii
654 2308 825 2358 fortissimus
833 2309 987 2371 quisquein
1001 2313 1105 2362 honore
1112 2317 1157 2364 est
1163 2329 1173 2378 ς

92 2381 164 2430 satis
179 2380 316 2429 habebant
329 2379 415 2429 semei
435 2381 507 2428 buno
525 2381 613 2427 bono·
655 2377 712 2425 iam
731 2389 800 2428 vero
818 2379 979 2437 (eioitende)
999 2383 1173 2440 praeceliunt

92 2462 152 2499 rem
171 2447 308 2498 meruisse
329 2449 358 2496 et
379 2447 425 2495 eei
452 2458 506 2496 uno
531 2448 611 2494 hoste
655 2445 729 2494 iuter
758 2448 809 2496 iros
834 2445 853 2493 ii
873 2459 987 2508 quorum
1010 2449 1103 2499 crines
1131 2454 1174 2504 ita

91 2527 175 2568 caeso
192 2517 222 2565 iu
237 2517 396 2576 perpetuum
411 2517 485 2564 tonsi
499 2515 611 2562 incede-
655 2513 795 2562 summiesi
808 2515 885 2564 senio
900 2520 1063 2582 canuerunt,
1082 2536 1173 2588 orrup-

91 2587 176 2647 bant3
201 2584 347 2634 tortissimi
362 2585 459 2634 contra
479 2587 611 2644 tanquam
653 2577 796 2646 veetiam
820 2583 848 2632 hl
868 2596 924 2632 non
943 2587 974 2632 ut
986 2585 1173 2640 Romanorum

89 2665 189 2718 parum
211 2653 387 2715 peregissent
407 2655 471 2713 post
495 2651 612 2714 primum
654 2651 784 2699 veterani
811 2653 935 2701 subsidia
958 2652 1085 2722 iirnraut,
1123 2662 1173 2710 sesi

90 2723 202 2774 facinus
223 2721 312 2770 tenuo
329 2721 534 2771 summittebant
556 2719 613 2768 cri·
654 2719 744 2781 prima
766 2719 794 2769 in
814 2721 874 2770 acie
894 2721 1023 2772 coiiocati
1048 2725 1172 2778 hostibus

90 2805 142 2843 nes
161 2789 372 2840 succrescentes
395 2803 481 2852 seque
502 2788 613 2854 ignavis
654 2787 859 2856 interrorem,
886 2790 945 2838 suis
967 2793 1172 2856 inexemplum

90 2861 161 2928 iiiis,
170 2860 217 2924 qni
230 2859 402 2910 necessitate
413 2860 508 2921 utpote
520 2857 614 2908 nulio-
654 2859 855 2907 monstrantur.
871 2859 974 2909 Eadem
988 2874 1083 2912 senum
1093 2867 1171 2918 acies

93 2933 158 2981 dum
177 2931 256 2982 noete
281 2939 364 2978 caeso
385 2928 543 2992 squalorem
562 2939 611 2978 re·
655 2938 720 2976 mox
736 2925 802 2976 stru
816 2939 891 2977 noco
906 2928 1022 2998 dieitur,
1042 2936 1172 2994 quonism

92 3001 231 3066 tinebant,
257 2999 359 3059 sponte
382 2999 553 3061 coquebant,
578 2999 610 3046 ut
653 2997 763 3045 ceteras
780 2997 854 3058 apud
867 2999 965 3060 gentes
981 2993 1120 3068 πρόμαχοι
1135 3019 1171 3058 01

15 3077 18 3110 i
89 3072 126 3122 aei
141 3081 216 3120 novo
229 3070 317 3118 semet
335 3067 390 3129 ipsi
410 3068 538 3119 iocinore
557 3079 609 3116 ex·
652 3066 795 3115 iuventute
815 3068 987 3118 constabant.
1022 3069 1114 3122 Donn-

15 3149 17 3180 i
89 3139 274 3190 stimularent.
309 3136 333 3185 ii
347 3138 440 3200 itaque
457 3135 609 3200 postaite-
704 3133 831 3187 Nomne
846 3171 870 3186 ..
885 3143 1172 3202 moneaeeooutJOb-

88 3221 150 3261 ram
163 3209 275 3259 caedem
295 3207 383 3256 denno
401 3208 540 3270 ponebant
559 3217 609 3256 oa-
652 3213 737 3253 soora
758 3205 803 3252 est
835 3205 1020 3268 copulationis
1046 3216 1172 3266 causaiis

88 3279 188 3341 pilium
217 3287 371 3338 rursusque
404 3275 609 3326 summittebant
652 3273 736 3337 ratio,
749 3283 904 3336 quanquam
922 3277 1053 3340 irequeus
1072 3281 1098 3329 id
1115 3285 1171 3335 τη.

87 3347 249 3398 adtentione
262 3344 504 3408 nsqueviotoriam
517 3347 546 3394 et
558 3345 608 3393 ‹ie-
652 3342 716 3392 cito.
741 3342 874 3405 Suspicor
888 3347 1109 3408 transponendo:
1123 3353 1172 3406 Ne

15 3431 18 3444 ³
86 3419 195 3478 inceps.
229 3416 304 3478 iirgo
323 3426 379 3464 non
399 3417 455 3464 tam
475 3415 537 3476 ipse
559 3415 610 3464 ba·
651 3411 682 3462 iu
697 3413 891 3476 parenstam
906 3425 1171 3484 ..mansuetorum

88 3487 164 3536 bitus
178 3485 305 3545 placebat
317 3483 441 3544 piurimis
454 3495 535 3546 qnam
549 3493 609 3533 mos
650 3492 717 3532 nom
732 3481 805 3530 nolit
819 3515 826 3530 .
841 3517 848 3531 .
865 3495 947 3534 euro.
981 3485 1072 3538 Doun.

15 3575 17 3586 =
87 3557 161 3606 inuno
176 3555 295 3602 babitunr
314 3551 452 3601 retinendi
468 3563 502 3602 ao
517 3551 608 3614 potius
701 3551 963 3613 proscinduntur]
983 3555 1051 3606 ibe.
1068 3568 1170 3620 apau-

84 3623 217 3677 iterenoi.
250 3621 312 3670 Non
325 3622 437 3682 saepius
452 3621 524 3670 enirn
545 3623 609 3670 ton·
651 3618 763 3683 peribus
779 3631 874 3688 parce,
891 3623 968 3672 laute
980 3635 998 3673 a
1012 3625 1152 3677 divitibus.

15 3715 17 3728 ·
87 3694 223 3742 debentur
253 3701 335 3751 quam
364 3690 471 3751 quoties
501 3691 607 3740 nostem
702 3687 782 3738 032.
808 3694 993 3743 certantium
1004 3697 1101 3755 aveo]
1115 3697 1169 3748 Ubi

86 3761 298 3812 interfecerant.
342 3759 400 3808 Neo
421 3771 489 3809 rero
504 3759 608 3810 deton-
649 3757 748 3807 bremen
775 3771 826 3820 pro
848 3765 926 3812 certo
954 3761 1009 3812 iam
1036 3765 1169 3817 Romanis

87 3829 209 3892 detaut,
233 3829 333 3896 cretio,
362 3840 469 3879 omnem
492 3827 607 3894 crinem,
651 3827 817 3880 munimento
830 3832 890 3897 est,
908 3835 1023 3894 propter
1036 3835 1110 3884 alvei
1123 3837 1171 3887 ia·

15 3925 16 3936 ¹
89 3902 272 3953 barbarorum
297 3897 415 3948 marium
445 3897 608 3960 populorum
652 3897 812 3961 titudinem
835 3899 918 3949 cincta
938 3911 956 3950 a
975 3905 1056 3954 certo
1076 3905 1169 3956 ammo

15 4009 16 4018 ,
87 3971 174 4021 decus
190 3979 333 4036 summum,
351 3969 401 4017 seo
415 3966 609 4019 adtendebant
652 3969 822 4028 metaphora.
862 3969 942 4031 Apud
961 3971 1074 4034 Usipios
1095 3976 1170 4028 enim

15 4067 16 4076 κ
86 4040 265 4104 aliquatenus
289 4039 320 4086 ut
346 4038 460 4101 squalor
488 4038 608 4087 abesset.
652 4035 765 4086 Rhenus
778 4035 864 4086 nuliis
878 4039 1027 4102 praesidiis
1045 4045 1170 4097 custodi-

15 4137 16 4144 κ
87 4111 157 4173 ipsa
182 4107 275 4173 capiiii
295 4107 451 4160 summissio
479 4107 510 4157 ot
537 4107 610 4168 spuo
653 4105 732 4168 isque
745 4107 866 4158 nnmtus
883 4108 947 4174 ipsa
963 4110 1039 4163 alvei
1061 4114 1105 4167 sui
1124 4115 1171 4168 ic-

112 4192 473 4248 westemonasterteu.
499 4193 530 4244 a.
545 4193 580 4243 ii.
601 4191 631 4244 Ρ.
649 4191 683 4241 ii.
977 4194 999 4262 3
