2844 4798
350 298 352 314 ‚
408 217 471 288 ne
494 169 661 294 ratuni
685 219 917 292 sannone
1132 239 1193 290 ι...

46 457 47 488 3
135 387 276 458 Diana&
294 399 442 476 egregie,
466 399 574 464 notua
592 403 623 462 ai
640 395 761 464 mutua
782 393 907 460 ambesa
926 391 1100 460 reddiderit
1121 401 1193 459 iana-

45 517 46 548 ÷
136 503 230 558 muru
264 513 388 564 nuum.
445 495 523 565 Nou
549 497 625 566 nori
657 496 715 584 qui
749 497 837 564 utilia
866 517 927 581 pru
958 495 1046 562 uubis
1072 493 1193 564 dixerit

45 595 46 600 ’
136 601 270 675 praeter
300 595 408 685 ipaum
439 601 525 684 Agr.
552 604 602 672 12.
652 597 811 670 Pluribus
843 598 1001 685 exemplis
1032 597 1192 680 abstineo,

137 700 252 779 utputa
275 701 397 784 possim
422 701 539 772 obviis.
584 701 797 790 Quapropter
815 721 930 768 vereor
950 722 990 768 na
1011 699 1192 782 Annxv,
1313 783 1315 796 Ι

136 799 190 866 bb.
214 819 328 868 auom
346 825 417 886 per
445 803 575 870 tibiae
592 805 703 872 doetus
725 801 929 872 retinendum
952 802 999 870 ait
1021 823 1081 890 pro
1103 825 1191 870 eom·

137 899 225 968 nuni
252 901 358 982 aruo,
386 905 473 991 quod
501 927 541 974 ex
562 927 627 976 nuo
648 905 759 978 tinnit.
783 905 879 974 bodie
905 907 1070 990 vulgetur.
1118 904 1190 975 Neo

136 1001 219 1071 enin
243 1004 329 1072 ratio
351 1007 604 1092 praepositionis
622 1029 683 1094 per
704 1007 824 1075 obstat.

234 1171 344 1238 Etiam
366 1173 579 1244 infinitivi
609 1176 813 1244 bistonioi
835 1197 897 1246 nan
919 1197 937 1239 a
962 1143 1082 1241 oetbris
1106 1174 1190 1240 anri-

136 1273 288 1360 pteribua
310 1273 420 1344 differt
447 1277 672 1348 transferendo
700 1278 742 1344 ud
774 1299 827 1348 raa
852 1285 1043 1366 praesentas
1074 1285 1108 1342 at
1129 1275 1190 1342 du-

136 1377 242 1470 rantis
278 1375 523 1445 consuetudinis
559 1381 792 1448 narrationem.
848 1378 925 1448 Non
960 1376 1189 1454 tradidissem,

136 1478 201 1546 niai
228 1485 298 1546 tres
332 1480 396 1544 iuni
421 1483 649 1569 eonspirarent
675 1481 836 1548 aditorum
864 1479 1046 1572 perpieaaia
1074 1480 1189 1546 immn-

137 1581 217 1664 tati,
243 1582 299 1670 qni
322 1581 398 1646 dum
421 1585 569 1672 singulos
592 1589 755 1666 tractent,
783 1587 962 1652 alterorum
986 1605 1049 1650 non
1077 1582 1189 1650 merni-

137 1681 273 1748 nissent.
326 1679 412 1750 Sunt
434 1685 486 1752 iiii
508 1686 620 1756 Geren.
639 1691 672 1756 7.
698 1687 809 1754 audire·
830 1687 917 1772 Agr.
934 1687 989 1756 34.
1016 1709 1128 1766 nere,
1154 1690 1190 1750 et

135 1783 228 1850 Diui.
250 1785 304 1852 30.
331 1793 494 1856 tumme.
545 1787 676 1876 Quibus
696 1787 784 1856 baud
815 1790 884 1856 auio
907 1811 947 1854 an
970 1798 1108 1874 quartus
1131 1785 1189 1852 ud-

135 1883 261 1956 dendna
291 1883 354 1968 ait,
382 1888 471 1960 Ann.
491 1887 565 1974 ΙΙΙ,
591 1893 647 1960 bt.
707 1891 770 1958 Tot
800 1913 822 1954 o
849 1889 1019 1956 maioribaa
1043 1901 1190 1976 repertor

35 1991 36 1998 ’
134 1994 222 2072 leges
242 2037 252 2058 .
274 2035 285 2056 .
306 2003 486 2078 contemptu
512 1993 651 2062 etatum
672 2000 857 2060 arcamarcaa
885 1995 995 2056 lm
1016 1993 1189 2073 fucare,
1220 2037 1227 2052 .

133 2089 192 2156 ubi
214 2089 290 2158 edd.
313 2093 452 2174 feeerep
477 2102 515 2158 nt
536 2102 661 2162 teneam
685 2093 726 2160 de
747 2094 818 2162 illia
847 2093 950 2174 lueis,
978 2093 1099 2179 quibua
1120 2093 1188 2160 nai-

63 2231 66 2238 .
133 2199 222 2258 tatoa
250 2192 428 2259 infinitivus
450 2215 490 2260 ex
513 2193 614 2264 MSS.
639 2197 805 2275 renouari,
832 2197 921 2264 Ann.
942 2191 978 2273 Ι,
999 2197 1052 2264 20.
1081 2193 1133 2275 ll,
1155 2199 1189 2266 2.

132 2295 187 2364 38.
207 2291 346 2377 vl,18.
368 2293 459 2368 Hist.
479 2295 542 2378 lv,
557 2301 613 2370 20.
634 2299 754 2388 quibua
778 2295 898 2362 addere
918 2295 1073 2361 debebam
1095 2293 1187 2368 Hiet.

133 2395 186 2476 li,
207 2399 261 2465 9³.
291 2397 410 2464 Fucens
436 2397 636 2482 Augustales
659 2399 849 2480 subdere,
879 2406 913 2464 at
941 2395 1089 2478 111,t⁷.
1116 2399 1188 2481 Quo

32 2563 33 2566 ,
128 2502 252 2583 puriore
274 2499 361 2562 uaso
387 2504 496 2588 plures·
515 2525 608 2588 quam
630 2515 751 2566 omum
781 2509 899 2586 aqaeitea
919 2507 1129 2581 resistere,
1153 2507 1188 2566 at

131 2597 253 2672 Volo.
284 2601 370 2666 Puee
398 2624 457 2686 per
477 2606 608 2672 Italiam
634 2617 733 2686 parta
760 2615 792 2666 et
819 2613 973 2679 extentae
1001 2623 1095 2665 curua
1123 2625 1188 2666 re-

131 2701 240 2782 dire,
263 2701 321 2767 nbi
343 2703 417 2778 edd.
442 2707 609 2774 subdidere
628 2715 663 2770 at
684 2711 827 2772 restitere
848 2713 882 2770 et
899 2708 1034 2770 rediere.
1083 2701 1187 2770 Nulla

131 2803 216 2870 enirn
248 2807 409 2874 sermonis
431 2805 543 2874 Latini
573 2809 761 2898 proprietas
789 2806 915 2892 gratior
944 2825 1018 2870 esea
1045 2801 1188 2872 debebat

132 2905 270 2990 Taaito,
297 2909 388 2976 nullu
410 2910 516 2998 ipsine
536 2911 678 2978 orationi
699 2907 942 2974 eonvenientior
961 2911 1075 2994 potest
1096 2905 1186 2992 tingi,

131 3017 171 3076 nt
192 3031 256 3078 non
279 3011 397 3096 nrirer,
429 3012 459 3077 si
482 3014 515 3078 in
538 3035 577 3078 eu
601 3008 788 3098 usurpanda
810 3007 984 3096 aliqnando
1005 3009 1187 3096 exspatiari

132 3133 234 3180 anana
261 3111 319 3180 eit.
363 3112 484 3180 Audax
507 3115 608 3182 inerit
629 3137 667 3180 ae
698 3133 799 3204 poena
820 3112 1001 3194 violentum
1037 3113 1095 3180 eei
1118 3135 1185 3180 aaa·

132 3213 213 3282 ioris
239 3215 337 3284 etiam
368 3215 524 3286 audatiae
551 3227 587 3288 et
615 3217 827 3308 impotentiae
858 3213 943 3279 forat
971 3215 1001 3280 ai
1030 3236 1107 3298 noa,
1135 3223 1187 3284 tot

131 3317 274 3383 aeeonlis
296 3325 372 3406 pust
395 3321 482 3400 neti,
514 3321 671 3388 adserens
694 3327 761 3386 tarn
794 3317 897 3382 multa
920 3319 1067 3406 exempla
1096 3317 1183 3384 eodi-

131 3439 203 3484 onrn
233 3421 430 3488 anctoritate
459 3425 600 3504 mnnita,
638 3429 672 3487 et
705 3441 790 3510 quae
824 3441 865 3486 ne
894 3419 1025 3504 linquae
1053 3419 1184 3508 quidem

131 3521 218 3588 ratio
239 3521 312 3590 vitii
334 3533 543 3610 coargueret,
563 3527 634 3592 eale
655 3525 856 3612 reliquorum
879 3521 1076 3610 aeriptornm
1099 3545 1185 3590 eonn-

132 3624 319 3712 paratione,
345 3627 465 3714 quibua
491 3627 542 3694 bie
568 3627 711 3720 seriptor
741 3623 934 3692 dissimilem
964 3643 1000 3688 ee
1027 3644 1101 3690 aeae
1129 3647 1184 3692 vo-

131 3727 211 3809 init,
231 3727 417 3794 libertatem
440 3729 616 3796 scribentis
641 3731 672 3796 vi
694 3749 843 3796 euertere
869 3731 1101 3794 statueramus.

224 3879 296 3948 Neo
320 3881 493 3958 Graecia
521 3884 759 3950 struaturia
788 3881 933 3950 abstinet
954 3883 1005 3947 vei
1028 3903 1046 3948 a
1070 3882 1183 3982 paneis

132 3982 182 4048 vei
211 3983 252 4049 ab
274 3985 348 4071 ipso
372 3986 442 4053 salo
471 3985 597 4056 ascitis.
645 3983 732 4054 Nam
754 3983 961 4054 Graecismos
983 3983 1024 4050 ab
1053 3983 1184 4048 ineunte
