2786 4798
518 258 722 332 csr.1s.
1094 263 1159 333 siu
1282 241 1284 251 '

189 433 242 502 1³.
292 429 382 500 Turu
414 433 530 523 Aper,
562 431 641 502 Nou
670 431 816 514 desinis,
850 431 1014 516 Messeis,
1045 447 1159 504 vetere

65 539 218 600 tautum
242 539 432 626 etantiqua
455 538 588 621 mirari,
615 544 806 606 nostrorum
829 545 940 602 eutem
970 545 1157 629 temporum

65 635 200 704 studia
221 638 363 706 irridere
387 645 488 727 etque
507 632 740 708 contemnere?
763 661 837 706 uem
861 640 947 706 huuc
969 649 1063 712 tuum
1086 667 1159 714 ser·

66 762 214 808 monem
244 763 345 832 saepe
376 743 510 830 excepi,
537 765 612 812 curu
642 743 767 810 oblitus
803 751 839 810 et
868 751 947 810 tuse
974 753 1010 812 et
1038 747 1158 818 fratris

66 849 128 914 tui
162 847 376 936 eloquentiae
402 848 564 912 nemiuem
601 847 663 914 hoc
699 855 847 932 tempore
881 854 1046 916 oratorem
1081 873 1158 918 esse

67 951 321 1031 couteuderess
346 955 447 1036 etque
469 949 505 1016 id
525 969 586 1024 eo,
614 946 733 1029 credo,
761 947 938 1030 eudesius,
970 953 1059 1040 quod
1087 977 1157 1023 usu.

68 1055 250 1140 liguitstis
280 1051 467 1138 opinionem
497 1073 562 1118 uou
591 1051 780 1130 verebaris,
808 1073 882 1116 eum
912 1073 983 1122 eoru
1013 1059 1155 1144 glorium

71 1180 184 1246 quous
205 1153 268 1222 tihi
290 1155 349 1222 elii
369 1151 555 1220 concedunt
577 1153 651 1242 ipse
673 1153 736 1218 tibi
757 1152 952 1240 denegares.

187 1287 308 1378 Neque
336 1287 451 1364 illius,
480 1285 610 1374 iuquit,
640 1285 803 1352 sermonis
827 1287 892 1354 mei
919 1288 1155 1376 paenitentiam

18 1381 19 1422 ³
76 1417 166 1479 ego,
188 1413 294 1480 neque
317 1398 377 1457 eut
400 1389 587 1459 Secundum
610 1396 670 1456 out
690 1376 877 1456 Maternum
902 1397 962 1454 oui
981 1399 1014 1456 te
1034 1391 1157 1480 ipsum,

18 1489 20 1526 '
74 1497 202 1586 Aper,
224 1514 411 1585 quenquam
434 1491 599 1560 interdum
624 1493 658 1559 iu
680 1493 882 1558 contrarium
906 1491 1070 1582 disputes,
1092 1497 1156 1562 uli-

17 1597 19 1636 *
76 1606 136 1664 ter
158 1601 285 1665 seutirs
306 1595 419 1664 credo.
469 1619 507 1664 ec
530 1597 628 1664 veiim
657 1595 872 1684 impetratum
902 1595 944 1660 ob
965 1597 1079 1686 atiquo
1099 1620 1155 1666 ve·
1209 1665 1215 1672 ,

17 1697 18 1740 ³
77 1711 212 1784 strum,
241 1707 281 1766 ut
301 1720 421 1765 causes
447 1699 547 1766 huius
576 1699 724 1766 infinitae
753 1697 959 1764 differentiae
986 1709 1156 1769 scrutetur

79 1827 120 1872 uc
142 1802 281 1884 reddet,
315 1823 399 1889 quse
423 1823 547 1870 mecum
578 1803 653 1891 ipse
675 1803 870 1891 plerumque
899 1804 1071 1890 conquiro.
1120 1815 1156 1874 ct

16 1941 17 1978 ι
80 1905 175 1996 quod
199 1903 398 1994 quibusdem
428 1907 550 1972 solutio
579 1913 649 1985 est,
679 1905 760 1970 mihi
791 1913 891 1990 suget
913 1907 1153 1992 quaestionem,

80 2009 165 2098 quie
187 2007 282 2076 video
311 2009 410 2084 etium
435 2008 549 2076 Graiis
576 2007 759 2092 eccidisse,
792 2017 830 2072 ut
858 2009 990 2094 lougius
1014 2010 1154 2078 obiisset

15 2153 16 2190 ,
83 2113 254 2181 Aeschine
287 2117 321 2177 et
348 2109 573 2179 Demosthene
604 2111 770 2180 Sacerdos
801 2111 865 2177 iste
894 2109 1032 2178 Nicetes
1061 2121 1096 2180 ct
1123 2113 1155 2180 si

82 2219 161 2306 quis
191 2217 277 2282 alius
297 2213 463 2302 Ephesum
495 2217 547 2284 vei
576 2215 757 2304 Mytilenas
784 2217 949 2282 contentis
976 2215 1155 2284 scholasti-

151 2389 183 2444 c.
201 2389 242 2440 15.
277 2391 363 2456 atque
380 2391 411 2444 iti
427 2403 460 2442 eo
475 2387 596 2452 Lipsius.
622 2389 753 2448 111188.
770 2389 907 2457 anusch.
942 2391 1088 2456 Suspicor:
1105 2395 1155 2446 st-

118 2459 271 2526 quesitis,
289 2459 392 2522 oresio,
409 2460 554 2510 osdsdsoe.
589 2459 679 2510 Deru.

14 2357 16 2396 i

14 2463 15 2502 i

14 2549 16 2608 t
117 2559 193 2676 1311]
211 2557 276 2607 iiiut
292 2559 473 2609 membrorum
490 2558 628 2626 iunctura,
647 2570 718 2624 ques
730 2557 849 2622 requirit
861 2557 1026 2622 perticulam
1039 2558 1153 2612 etentes.

14 2671 16 2712 Ι
139 2638 222 2677 esse.

149 2723 265 2776 sitisset
287 2723 405 2775 uscuius
432 2737 468 2776 ex
491 2725 577 2776 reru
602 2727 627 2776 is.
645 2737 673 2776 e.
694 2725 876 2792 recessisset,
899 2727 931 2778 ut
948 2727 1019 2776 Anu.
1037 2726 1088 2788 vi,
1106 2729 1151 2778 2².

14 2811 15 2814 ¹
117 2791 164 2846 Ne
184 2805 261 2846 usuc
276 2793 389 2858 incepto
409 2795 522 2860 teupisse
537 2794 664 2846 soteres
704 2797 745 2846 lie
763 2795 1030 2858 plusquamperiecto
1048 2795 1103 2846 viu.
1123 2797 1154 2848 iu

14 2879 15 2894 ¹
118 2863 183 2927 Agr·
200 2864 226 2912 6.
267 2865 304 2912 At
326 2863 388 2915 edd.
410 2863 501 2932 sosii,
526 2863 598 2928 quod
620 2865 859 2928 suprascriptum
883 2875 952 2916 seue
974 2863 1004 2914 iu
1027 2865 1059 2916 it.
1098 2865 1154 2916 Seii

119 2935 281 2996 expecteres
296 2931 414 2985 stcsset.

87 3069 137 3121 tuit
150 3073 327 3134 tietmarum,
345 3069 501 3119 uuiiusouu
516 3067 595 3118 iocus
638 3065 761 3118 Niceten
773 3067 961 3119 Sacerdotem
983 3065 1152 3124 sestttsist.

88 3143 143 3206 est,
160 3141 336 3192 uedumestso
352 3139 484 3189 rusticos.
517 3139 595 3188 Vero
637 3135 727 3186 uiuite
754 3135 814 3185 stus
846 3137 967 3188 rhetoris
994 3137 1153 3200 tregmeute

88 3209 172 3260 euius
195 3211 290 3260 isudst
303 3211 421 3272 Aprum,
444 3207 515 3270 quoii
532 3207 594 3268 pii·
637 3203 764 3256 seruerit
777 3207 884 3256 'susos
898 3209 979 3268 poter
991 3205 1019 3257 tu
1030 3205 1151 3260 contro-

87 3279 251 3341 iosopiouoo
272 3280 301 3328 et
320 3277 485 3340 disputsudo
502 3275 593 3338 potius
637 3275 748 3323 seretis.
784 3273 915 3325 Phtiostr.
934 3273 1005 3325 Vitt-
1022 3275 1105 3340 soph.
1126 3277 1150 3342 i,

24 3397 28 3407 ,
88 3349 116 3396 ut
133 3349 240 3398 veteres
261 3349 388 3398 oratores
403 3357 483 3410 quem
498 3345 593 3394 decio·
636 3343 678 3392 iu.
731 3343 895 3394 iinsustsvtt
921 3345 1053 3409 Lipsiuss
1086 3357 1151 3396 usui

88 3415 178 3467 mento
216 3417 294 3466 aiere
335 3415 473 3480 iugeuiuui
514 3413 592 3464 velit.
635 3411 711 3460 MSS·
727 3411 826 3462 enitet.

87 3484 169 3536 Doro.
212 3491 216 3500 ·
686 3479 830 3531 contestis
847 3513 878 3531 ..
898 3477 1085 3546 stonsriiss]
1108 3481 1150 3530 ite

135 3551 162 3602 G.
177 3549 217 3602 15.
260 3549 372 3616 [restris
399 3546 461 3615 issi]
489 3548 592 3612 equitii
634 3549 776 3599 conmotis
792 3546 990 3599 auditoriorum
1007 3549 1148 3610 pieusiius

88 3620 193 3684 iieguii,
231 3619 266 3668 sie
292 3631 345 3682 quo
368 3619 440 3670 iiist.
469 3617 520 3682 iv,
545 3615 589 3667 ⁴2.
635 3619 791 3680 seruosst,
808 3619 1066 3668 uouissteutoree
1080 3619 1146 3667 riis·

88 3689 199 3738 Meritei.
219 3687 268 3751 iv,
292 3689 334 3737 tit.
634 3687 705 3736 toris
725 3685 906 3736 ieciereeutts
932 3699 1010 3736 vocs.
1040 3687 1145 3738 Wuur.

124 3755 588 3822 ospetpusesitooemlii.s.quee·
632 3755 729 3806 veter.
750 3755 793 3806 Fi.
814 3757 850 3819 V,
870 3755 931 3807 27³.
975 3755 1147 3821 orsumque

87 3825 176 3876 stiouis
193 3825 307 3888 pondus.
631 3825 726 3888 pectit
751 3823 915 3876 esserum
930 3824 1059 3882 Arctoos
1079 3825 1144 3876 coli.

130 3893 266 3947 sacerdos
279 3893 415 3953 Nicetes]
433 3890 503 3941 Piiu.
517 3889 586 3952 lipp.
631 3891 668 3958 ii,
684 3894 745 3943 m.
769 3893 818 3943 sti.
833 3893 868 3944 lt.
881 3891 931 3955 iv,
944 3893 971 3943 7.
994 3891 1148 3959 i'srrtficis

87 3963 160 4028 Vis.
176 3961 351 4014 iuliusiisso
367 3997 374 4012 .
388 3993 396 4010 .
410 3971 502 4024 prope
514 3971 586 4022 cuo-
629 3963 725 4024 quatit
743 3961 885 4014 snositos
904 3961 1070 4012 moruus
1087 3975 1145 4014 sr-

87 4032 197 4085 itiieso
209 4031 366 4084 ouousooe
376 4033 585 4096 seustuecepo
627 4039 683 4080 oss.
723 4029 812 4082 siniit
834 4031 985 4094 iyperiote
1002 4031 1097 4082 iussu.
1117 4033 1141 4098 i,

86 4101 306 4170 frequentatoris,
331 4099 539 4166 aduttum
554 4100 585 4152 et
627 4097 670 4150 12.
693 4099 852 4158 Frontonis
862 4099 977 4167 1111114111
988 4103 1139 4154 mountso-
