2854 4798
226 263 286 374 ,42
457 286 460 304 ¹
579 257 988 330 iiisrouisiiuii

190 432 350 502 scollus
372 431 464 513 loro,
484 451 545 520 per
566 441 714 519 stragem
737 433 914 504 iacentium
933 435 967 500 in
986 431 1192 522 Capitolium
1215 437 1316 518 atque

238 537 317 606 inde
338 539 373 604 in
395 536 558 626 palatium
571 546 687 604 vectus
709 537 845 603 concedi
867 559 1009 626 corpora
1026 538 1221 625 sepulturae
1240 556 1315 600 cre·

239 642 391 730 marique
420 641 588 728 permisit.
652 637 811 708 Pisonem
841 639 990 708 Verania
1025 663 1109 708 uxor
1140 662 1178 708 uc
1208 639 1317 706 irater

240 747 499 828 Scribonianus,
522 745 640 812 Titum
656 743 794 812 Vinium
819 743 975 832 Crispino
997 744 1068 810 iilia
1089 763 1316 832 composuere,

205 863 209 874 “
237 851 404 940 quaeeitis
426 847 676 938 redemptisque
700 849 887 937 capitibus,
920 871 1006 936 quaa
1027 848 1157 916 venalis
1177 847 1315 914 interle-

238 967 349 1024 ctores
371 963 597 1024 servaverant.
650 955 706 1023 48.
729 951 812 1020 Piso
842 974 943 1018 unum
972 957 1007 1017 et
1032 951 1239 1018 tricesimum
1261 972 1314 1016 ae·

238 1062 322 1127 tatis
345 1077 466 1124 snum
489 1057 665 1145 explebat,
684 1059 773 1124 fama
796 1057 1046 1142 meliorcqussu
1068 1055 1215 1126 fortuna.
1245 1055 1315 1120 iru-

237 1175 311 1229 trca
341 1162 416 1228 eius
438 1159 596 1246 Magnum
620 1159 803 1240 Claudius,
833 1158 994 1229 Grsseum
1016 1157 1109 1226 Nero
1137 1157 1314 1224 interiece-

238 1276 328 1336 rant.
371 1267 445 1353 ipae
468 1262 527 1330 diu
549 1266 645 1345 exul,
667 1260 847 1351 quatriduo
870 1259 1010 1339 Caesar,
1030 1271 1211 1352 properate
1234 1260 1314 1328 silo·

237 1371 353 1460 ptions
376 1367 418 1434 ad
449 1367 510 1433 iios
534 1374 663 1434 tentum
694 1365 815 1433 maiori
842 1365 944 1432 fratri
972 1367 1146 1452 pruclstue
1171 1372 1242 1446 est,
1272 1376 1312 1432 ut

236 1473 333 1562 prior
352 1469 576 1540 occideretur.
620 1470 724 1536 Titus
737 1467 861 1536 Vinius
882 1475 1012 1555 septem
1034 1477 1071 1536 et
1090 1468 1312 1556 quinquagin-

235 1587 274 1643 ta
297 1595 401 1642 annos
424 1573 527 1640 seriis
550 1573 707 1672 moribus*
728 1574 809 1659 egit.
860 1583 957 1660 pater
987 1577 1044 1640 illi
1071 1572 1240 1662 praetoris
1261 1573 1311 1640 iu-

236 1679 350 1759 milia‚
373 1683 543 1742 maternus
566 1697 646 1741 evus
671 1698 689 1742 e
712 1676 927 1766 proscriptis.
977 1677 1086 1763 prima
1107 1676 1229 1744 militia
1260 1677 1311 1742 in·

237 1783 356 1864 iamis3
377 1781 522 1862 legatum
532 1776 716 1847 Calvisium
732 1780 893 1848 Sabinum
916 1779 1089 1862 habuerat,
1110 1781 1206 1848 cuins
1228 1803 1313 1848 uror

236 1888 326 1952 rnsla
347 1882 504 1972 cupidine
520 1881 651 1950 risendi
672 1887 775 1952 situm
797 1893 996 1966 castrorum,
1018 1907 1079 1973 per
1100 1891 1230 1952 noctem
1249 1885 1311 1952 mi-

234 1992 330 2057 litari
361 1987 478 2054 habitu
507 1987 678 2072 ingresse,
704 2011 777 2054 curu
801 1989 935 2075 vigilias
963 1995 999 2054 at
1027 1999 1141 2058 cetera
1169 1990 1311 2057 militiae

235 2093 348 2162 munis
375 2088 491 2158 eudem
520 2093 661 2160 lascivia
692 2100 909 2174 temerasset,
942 2093 977 2158 in
1012 2093 1098 2182 ipsis
1134 2095 1310 2184 principiis

234 2211 390 2286 stuprum
413 2217 513 2276 auser
537 2203 572 2261 et
593 2195 743 2262 criminis
764 2197 864 2264 huius
886 2217 965 2263 rsus
988 2195 1092 2264 Titus
1107 2197 1231 2266 Vinius
1254 2221 1309 2265 ar-

234 2301 410 2389 gushatur.
461 2298 572 2386 igitur
596 2299 692 2368 iussn
715 2299 788 2368 (iai¹
806 2299 965 2370 caesaria
988 2311 1147 2369 oneratus
1168 2303 1309 2384 catenis,

231 2427 310 2473 mor
331 2403 515 2472 mutatione
536 2411 724 2492 temporum
746 2403 927 2486 dimissus,
949 2426 1053 2472 cursu
1073 2407 1234 2472 honorum
1257 2406 1309 2472 in·

232 2510 359 2578 offenso
381 2509 508 2594 legioni
528 2519 615 2595 post
630 2516 822 2596 praeturam
840 2507 1054 2598 praepositus
1069 2509 1309 2597 probatusque,

233 2613 349 2682 servili
364 2609 522 2701 deinceps
540 2611 665 2699 probro
685 2633 862 2700 respersus
877 2619 948 2692 est,
968 2617 1126 2700 tanquam
1145 2613 1307 2703 scyphum

299 2791 332 2843 c.
351 2786 396 2842 48.
439 2789 610 2840 emanasse
634 2789 798 2852 Rhenanam
822 2799 887 2839 ussa
910 2789 1067 2840 castrorum
1092 2793 1121 2840 ct
1144 2790 1308 2853 disciplinae

265 2861 397 2911 militarie
420 2858 537 2908 nestitae
562 2859 590 2907 et
609 2859 746 2908 sanctitas
769 2859 889 2909 feminae
911 2861 1072 2921 praesentis
1096 2861 1125 2910 et
1150 2860 1308 2910 intercursu

265 2931 354 2994 pelini
372 2928 527 2978 videbatur.
568 2927 605 2976 st
622 2929 698 2978 MSS.
716 2929 921 2994 temperasset,
944 2929 1039 2983 tuente
1057 2928 1222 2994 Waltliero,
1240 2934 1307 2980 tan-

266 3011 348 3060 qusm
365 2999 404 3047 stt
423 2996 442 3046 Ι.
458 3010 486 3058 q.
503 2995 758 3060 moderaturus,
778 2997 916 3064 recteest,
933 2997 1113 3048 circuitorem
1129 3011 1223 3061 more3
1240 2999 1306 3050 coll.

265 3067 347 3119 Dion.
365 3065 446 3130 nix,
465 3065 507 3114 18.
528 3058 649 3130 pilosis
667 3079 698 3115 ss
716 3060 896 3131 spoleto-ec,
913 3067 1013 3129 Polyb.
1030 3067 1089 3117 llil.
1105 3068 1184 3118 llum·
1202 3067 1227 3117 ⁵.
1245 3070 1307 3120 Ve-

265 3141 322 3200 get.
342 3135 402 3200 lli,
417 3134 446 3185 8.
471 3133 607 3184 initurus
625 3134 698 3184 enim
715 3136 787 3184 leuci
810 3135 889 3186 (lubic
913 3137 976 3186 erat
995 3136 1108 3200 Vinius3
1132 3139 1308 3189 tribunorum

265 3208 358 3256 autem
374 3207 452 3271 eret,
477 3203 640 3254 circuitores
657 3203 704 3266 qul
720 3203 834 3269 vigilias
850 3205 1029 3260 circumirent
1044 3207 1158 3270 eligere.
1199 3207 1227 3256 le
1252 3207 1307 3272 igi-

266 3277 313 3324 tur
337 3273 441 3324 secreti
465 3271 596 3329 introitus
620 3271 748 3324 conscius
773 3276 898 3339 elegerat
920 3275 1079 3340 mulierem,
1104 3275 1214 3326 mulieri
1237 3289 1307 3328 vero

265 3346 324 3394 mm
340 3343 433 3393 virilis
458 3341 567 3392 habitus
586 3345 615 3394 et
638 3343 796 3394 commotis
821 3347 899 3408 erse,
922 3347 954 3394 ut
973 3357 1037 3396 cum
1058 3345 1126 3396 insti
1147 3346 1308 3398 circuitoris

268 3413 437 3464 strenuitate
454 3413 586 3462 certeret.
620 3411 727 3462 Putecl.
744 3415 922 3479 temptasset.

282 3549 314 3602 0.
327 3547 373 3602 48.
406 3548 558 3614 cosletot]
577 3550 611 3599 ΙΙ.
626 3561 652 3600 e.
677 3561 748 3600 non·
842 3547 1016 3614 praetoria]
1042 3549 1079 3598 Ut
1096 3561 1122 3599 c.
1137 3547 1179 3599 52.
1209 3552 1309 3618 Vispi-

232 3621 296 3671 ‹lurn
311 3620 484 3682 expleverat.
791 3619 871 3670 siser
890 3619 1018 3683 spumei
1043 3618 1165 3684 sonum.
1190 3619 1242 3684 lv,
1262 3623 1306 3672 13.

284 3690 422 3740 crassum
447 3687 550 3747 Nero]
591 3689 748 3738 Accnesnte
791 3687 892 3741 Cicuta
907 3686 1104 3754 reptastirpe.
1119 3689 1175 3738 sii.
1191 3702 1225 3738 ex
1238 3690 1307 3742 tie

233 3759 349 3823 Regulo.
383 3759 443 3807 lluc
456 3757 528 3806 enlm
541 3757 592 3807 ille
604 3757 688 3806 Plinii
700 3761 747 3807 is-
787 3757 1066 3824 prcetcrtmutiun.
1074 3755 1141 3820 xn,
1151 3758 1175 3808 1.
1187 3759 1306 3820 xv‚22.

234 3829 312 3878 ciunt
319 3825 433 3894 lip·l‚5.
452 3827 583 3889 Quaem
596 3839 748 3877 curamur-
822 3827 904 3878 cutus
910 3827 1003 3885 senor]
1012 3825 1252 3896 umrctniohix,
1261 3828 1306 3880 18.

233 3892 318 3950 tuis?
353 3895 501 3960 Numquid
516 3898 631 3962 eposut
641 3895 748 3946 stesso
839 3894 953 3960 utorio
968 3893 1134 3958 suscipite]
1159 3897 1234 3956 Quae
1254 3909 1306 3948 ss-

234 3965 446 4018 nsstt'nmeriso
453 3965 587 4016 eudesius
597 3977 670 4031 sum,
678 3977 749 4029 pisos
789 3977 854 4033 cra,
873 3964 938 4028 piris
950 3963 980 4012 in
1000 3964 1035 4014 iis
1047 3964 1157 4026 aquilae
1172 3967 1200 4016 et
1212 3967 1308 4035 signa,

234 4036 447 4100 ille(liegulns]
467 4035 518 4086 sut
531 4033 749 4088 Neronenccs-
790 4035 830 4085 slil
841 4033 988 4084 militares.
1023 4033 1101 4084 hire.

235 4097 379 4159 moenai
395 4105 476 4159 hirs.
842 4107 977 4168 stuprum
989 4104 1074 4162 onec]
1090 4101 1156 4154 scil.
1169 4103 1236 4168 pati.
