2854 4798
435 239 539 312 tls.
563 235 592 312 1.
629 233 749 307 GAP.
769 235 929 308 bb-oo.
1177 233 1222 302 57

147 414 390 503 Lugdunenses
414 417 630 484 exstimulata
653 409 806 498 singulos
834 409 977 476 militnm
1007 414 1043 474 et
1071 405 1107 473 in
1127 423 1272 474 ever-oe.

147 521 275 588 sionem
295 521 538 590 Viennensium
560 517 751 608 impellere,
779 515 950 582 obsessam
974 512 1016 578 ab
1037 510 1113 578 illia
1130 510 1222 578 eolo·

148 623 237 692 nianr
261 648 375 709 suam,
401 625 539 694 adiutus
561 620 716 690 Vindisia
739 625 899 700 senatus,
925 610 1134 706 ranseriptaa
1158 635 1221 680 nu-

147 747 211 816 per
235 729 386 816 legiones
415 729 451 796 in
478 727 684 818 praesidium
707 722 835 792 Galbae
863 719 1050 789 reserenda.
1106 718 1222 784 stubi

148 853 270 899 sensas
298 831 452 901 odiorum
483 829 760 922 praetenderant,
786 823 1047 912 magnitudinem
1077 821 1222 913 praedae

147 934 380 1006 ostendebant.
428 957 488 1003 nee
512 936 576 1002 ianr
609 939 740 1008 saerata
759 929 947 998 exhortatio
978 929 1038 996 sed
1069 928 1222 1018 publinae

149 1059 284 1124 preses:
314 1039 403 1106 irent
425 1043 573 1122 ultores,
593 1034 828 1106 exscinderent
844 1031 957 1102 sedem
983 1029 1108 1100 Gallici
1128 1028 1223 1100 belli.

149 1148 271 1209 runata
293 1141 364 1210 illie
386 1151 524 1210 externa
552 1152 588 1211 et
613 1141 768 1208 bestilia:
794 1160 832 1205 se
853 1136 1015 1203 eoloniem
1037 1133 1222 1206 Romanam

149 1253 186 1312 st
206 1253 338 1336 partem
361 1245 529 1314 exereitus
551 1257 588 1314 st
608 1264 845 1336 prosperarum
868 1239 1149 1327 adversarumque
1169 1259 1223 1306 re-

150 1371 224 1416 rnm
254 1351 377 1423 aoeies.
428 1353 459 1420 si
487 1351 620 1418 iortnna
650 1356 766 1416 eontra
789 1345 907 1440 daret,
932 1344 1031 1410 iratis
1058 1365 1099 1410 ne
1120 1344 1223 1410 relin-

149 1461 345 1543 querentur.
387 1459 442 1526 66.
463 1453 529 1522 Ηίι
551 1453 762 1543 stpluribus
777 1447 966 1518 ineundam
990 1446 1122 1516 modum
1146 1468 1223 1535 per-

152 1561 324 1648 pulerant,
347 1566 386 1627 at
407 1581 448 1627 ne
468 1559 573 1646 legati
594 1556 729 1645 quidm
753 1577 792 1622 ao
809 1553 912 1620 dures
931 1553 1078 1641 partium
1100 1552 1224 1620 restin-

151 1664 210 1750 pri
231 1687 332 1752 posse
352 1661 557 1731 iratundiam
572 1660 741 1730 exereitus
760 1657 1024 1737 arbitrarentur,
1045 1677 1118 1722 euru
1134 1651 1224 1754 band

150 1768 260 1854 ignari
281 1765 485 1834 diserirninis
507 1765 561 1832 eui
579 1765 806 1848 Viennenses,
837 1762 1021 1830 velamenta
1041 1767 1077 1825 st
1099 1758 1223 1826 infulas

152 1870 398 1960 praeferentes,
427 1869 486 1936 ubi
507 1890 625 1957 agmen
646 1869 850 1946 incesserat,
878 1886 988 1948 arma,
1015 1885 1142 1952 genua,
1167 1883 1223 1930 ve·

150 1975 253 2062 eligia
276 1971 466 2064 prensando
495 1973 615 2040 flexere
637 1973 783 2040 militum
809 1969 951 2040 animos.
999 1965 1131 2036 eddidit
1153 1965 1225 2033 Va·

150 2081 225 2148 lens
243 2086 396 2146 treeenes
423 2068 567 2166 singulis
595 2076 759 2146 militibus
788 2074 980 2144 sestertios.
1016 2079 1103 2152 ,tum
1129 2075 1225 2140 vetn-

218 2289 325 2341 oentra
340 2287 428 2340 deret
444 2288 506 2340 edd.
523 2288 555 2337 nt
565 2289 636 2338 Anu.
651 2285 731 2353 xvl,
750 2285 791 2336 lb.
827 2282 964 2348 Quotiens
981 2283 1104 2352 tortasse
1120 2282 1226 2335 eostre

184 2357 281 2412 dorst-
316 2359 353 2408 st
370 2359 426 2411 Ma.
443 2348 610 2410 streame.
1293 2365 1295 2372 ·

203 2509 387 2563 escuem
400 2507 668 2571 ltossmaamJVien-
710 2511 843 2560 bouornrn
856 2510 995 2560 errarent.
1030 2508 1155 2563 conl-A.
1171 2511 1224 2580 xl,

153 2591 192 2632 na
211 2581 305 2630 itidem
323 2581 433 2634 colonis
452 2583 577 2632 nomana
595 2581 667 2644 erat,
710 2581 753 2630 23.
795 2581 831 2628 st
853 2591 922 2630 vero
942 2579 1052 2630 Vienna
1078 2581 1133 2631 lam
1159 2585 1226 2634 aute

153 2649 204 2699 sed
216 2650 414 2714 Lugdunenses
436 2649 536 2701 incelis
550 2649 603 2698 slbi
623 2648 668 2697 ln·
710 2646 854 2698 Claudium
877 2650 909 2698 nt
934 2649 1043 2700 colonie
1066 2651 1226 2703 senatorum

155 2720 226 2769 risle
237 2721 403 2771 obtrectant.
438 2717 669 2772 Veteranivien-
711 2718 741 2768 in
752 2719 820 2768 urbe
833 2717 877 2767 ius
896 2719 1007 2785 babuit,
1034 2720 1107 2783 qued
1127 2723 1225 2772 osten-

154 2801 219 2840 nem
244 2787 311 2840 elim
337 2789 445 2838 deducti
477 2791 526 2840 aut
551 2787 669 2838 emortui
711 2785 751 2836 dit
769 2785 878 2838 clauuu
901 2787 1034 2838 caesaris
1055 2789 1146 2840 aratio
1166 2791 1226 2840 ltu·

155 2859 236 2908 erant
249 2861 298 2908 aut
316 2857 421 2921 posteri
435 2870 529 2909 eorum
544 2857 669 2908 Gallicos
711 2855 795 2922 gduui
805 2857 938 2907 marmori
945 2857 1048 2910 ineisa:
1064 2858 1227 2910 Ornatissi-

154 2939 247 2980 rueres
276 2931 502 2996 assumpserant,
536 2939 570 2978 sc
601 2937 669 2988 pro·
712 2936 836 2976 moeres
851 2927 1226 2994 oakstbetmapneoolento

155 3001 253 3060 pterea
280 3000 385 3050 waste
412 2997 471 3048 tillo
496 3001 623 3049 esterno
640 2995 671 3045 et
715 2995 913 3046 Viennensium
939 3009 1025 3060 orsum
1056 2997 1141 3064 torpe
1166 2998 1227 3049 inse

155 3067 274 3117 bestilia
306 3080 371 3116 esse
400 3065 504 3117 inimici
538 3065 671 3116 tremunt.
712 3067 841 3128 tempore
866 3065 1023 3117 amatores
1037 3065 1104 3118 boto
1124 3066 1227 3120 euriae

156 3137 217 3188 Nan
234 3138 302 3186 bene
320 3135 433 3198 Lipsius
452 3149 488 3186 ex
516 3135 559 3186 bis
575 3133 671 3184 verbis
712 3133 839 3199 confert.
880 3133 984 3194 onibus
1006 3134 1033 3186 si
1053 3135 1229 3201 adiungimus

155 3207 274 3258 coniecit
289 3207 461 3256 Viennenses
482 3206 600 3256 donatos
620 3215 670 3254 eo·
712 3201 908 3266 qnaeraeitns
921 3204 1080 3268 paulopost
1096 3207 1173 3256 abb.
1193 3207 1229 3258 de

154 3276 247 3329 lonico
262 3276 337 3342 lure,
355 3275 409 3325 etsi
422 3273 555 3328 militibus
568 3275 618 3324 aut
629 3273 670 3322 ei·
713 3273 824 3328 Vienna
843 3271 926 3340 dicit,
950 3275 1014 3325 tum
1031 3275 1163 3332 uetustas
1182 3275 1229 3327 di-

156 3345 440 3396 vibnsltomanlsnou
454 3345 587 3395 deductis.
600 3343 670 3393 Nem
712 3343 864 3408 pausasse
883 3343 1012 3394 colonia
1032 3343 1142 3410 adsit,
1166 3355 1229 3397 serr

155 3415 203 3478 qul
223 3414 264 3464 ita
281 3415 469 3480 donabantur,
500 3415 535 3465 iis
559 3411 671 3464 nonnisi
713 3412 1229 3468 urbemveramenleuiamlulssebtad

156 3483 273 3535 uttan
286 3485 348 3534 slve
362 3483 495 3534 lethatii
508 3494 671 3536 cencessum
713 3480 903 3533 dubitabimus.
937 3482 1054 3534 Brrrsn.

156 3555 217 3620 est,
240 3565 310 3615 quas
331 3565 398 3603 sane
417 3553 537 3616 dignitas
557 3565 612 3603 neu
630 3551 671 3601 ita
764 3549 794 3601 0.
808 3551 851 3599 bb.
891 3550 1032 3616 vestrate]
1057 3551 1124 3602 llam
1142 3563 1229 3604 avor-

156 3621 250 3685 magni
263 3621 393 3673 momenti
407 3625 478 3671 erat·
512 3621 670 3672 cantille-
713 3623 809 3670 santes
836 3623 864 3670 et
889 3621 983 3671 surdis
1003 3621 1116 3672 auribus
1138 3623 1231 3673 disee-

156 3689 273 3743 bubrlns
290 3691 387 3741 bistor.
400 3691 478 3741 liam.
499 3691 530 3740 Φ.
543 3691 579 3739 ll.
593 3704 619 3752 p.
627 3690 670 3740 el.
716 3689 812 3741 dentes
833 3687 935 3740 milites
954 3693 1107 3754 sequuntur
1124 3703 1229 3755 provo-

160 3761 192 3810 lu
206 3760 275 3810 luris
289 3757 449 3820 iampridem
457 3759 672 3809 anteclaudium
715 3760 777 3810 luti.

158 3841 254 3881 ornnes
268 3829 378 3880 Galliae
392 3827 524 3879 comatae
542 3827 672 3879 civitates
766 3829 836 3880 Tum
858 3865 864 3879 .
888 3863 894 3877 .
916 3828 1029 3888 adsit]
1052 3826 1119 3878 Cum
1138 3827 1231 3882 ironia

159 3901 305 3949 assecutae
325 3899 424 3964 erant,
441 3900 472 3946 ut
494 3909 587 3948 earam
607 3899 672 3962 prt-
715 3897 761 3954 (ut
774 3911 800 3949 o.
814 3898 857 3948 82.
874 3897 925 3960 lll,
942 3897 1013 3956 1²0:
1038 3898 1093 3948 tum
1112 3898 1229 3966 demum,

157 3977 253 4020 mores
271 3969 387 4018 foedera
400 3967 506 4030 qnldsnr
527 3970 555 4018 st
571 3968 672 4018 civite-
715 3970 860 4031 postquam
870 3967 988 4030 pecnnia
999 3969 1124 4030 corrupti
1137 3971 1230 4035 erant,

158 4040 213 4088 tem
233 4038 385 4091 itomanam
405 4037 581 4105 reciperent,
612 4039 672 4089 iure
716 4039 885 4088 verumtatem
908 4037 1035 4090 salanias
1055 4039 1152 4088 valere
1174 4039 1230 4088 ali-

157 4109 248 4160 autem
278 4107 516 4174 adipisoendorum
551 4108 580 4159 iu
604 4109 672 4161 nrbe
716 4107 781 4174 null
801 4107 957 4173 laetabeut3
995 4109 1061 4160 ante
1086 4107 1230 4172 penariam
