2874 4802
418 260 521 336 ΜΒ.
543 257 622 330 lll.v
652 259 775 334 GAP·
795 265 948 334 ott-oz
1060 311 1064 320 ·
1155 261 1221 331 2⁰⁷

151 434 407 524 puleherrimam
429 434 630 525 Gempnniae
656 457 747 504 oram
777 433 977 517 teselniam
1004 453 1063 500 nee
1093 433 1170 522 plus
1198 453 1268 502 ese.

152 545 225 604 toto
248 544 413 604 terrarum
438 539 518 606 orbe
546 539 710 626 reliquum
736 537 877 606 Vitellio
902 555 1000 626 quam
1021 538 1111 624 quod
1131 537 1220 602 inter

153 639 369 708 Ternaoinam
391 638 621 730 Narniamque
649 645 768 710 laneat.
819 642 904 708 satis
934 641 1061 728 gloriae
1089 640 1218 728 praello

153 741 367 812 Cremonensi
396 753 548 832 partum,
575 753 611 810 et
635 746 738 812 exitio
758 741 941 814 Cremonae
970 746 1108 812 nimium
1135 745 1219 810 invi-

154 845 247 927 diam
278 869 338 913 noo
368 848 641 936 eonoupiaoenent
661 847 802 916 Romam
828 871 948 938 eapene
978 848 1091 937 potius
1118 869 1218 933 quem

153 971 299 1018 servare.
343 951 469 1018 maiora
499 951 568 1017 illis
592 953 739 1039 praemia
767 959 803 1018 et
830 955 934 1020 multo
961 956 1136 1018 maximum
1160 951 1219 1016 ‹le-

154 1074 231 1133 ous,
259 1051 291 1118 si
315 1039 577 1124 immunitatem
600 1055 732 1122 senatui
760 1058 949 1146 populoque
969 1055 1118 1122 Romano
1145 1055 1217 1120 aine
1287 1041 1293 1056 '

153 1157 313 1242 sanguine
335 1157 555 1245 quaesissent.
596 1161 651 1226 61.
678 1155 744 1224 His
769 1159 956 1226 natalibus
980 1155 1125 1242 mitigati
1147 1155 1218 1222 ani-

153 1260 211 1330 mi.
254 1281 313 1328 noo
336 1261 442 1328 multo
465 1268 542 1347 post
562 1260 710 1344 legiones
727 1281 856 1332 verare.
897 1259 942 1328 Et
963 1267 1094 1328 torrere
1113 1259 1218 1326 iama-
1264 1265 1269 1280 ¹

153 1385 219 1452 que
240 1365 331 1432 anati
353 1363 518 1430 exereitus
541 1361 745 1430 Vitellianae
767 1364 919 1430 cohortes
942 1363 1121 1446 nutabant,
1142 1365 1219 1430 nul·

154 1471 188 1534 lo
213 1467 246 1534 in
274 1467 397 1534 ballum
421 1466 636 1548 adhortante,
665 1465 781 1532 multis
809 1465 852 1532 ad
882 1467 1130 1547 transitionem,
1158 1465 1218 1554 qui

155 1593 236 1640 suae
261 1571 430 1638 oenluriee
466 1579 661 1656 turmasque
695 1567 848 1650 tradere,
882 1569 1004 1636 donum
1034 1571 1219 1638 violarint

155 1673 223 1750 silai
248 1674 474 1762 inposterum
502 1673 661 1759 qratiam,
692 1671 876 1740 certabant.
925 1669 992 1740 Per
1020 1694 1079 1742 sos
1106 1675 1218 1760 oopni·

155 1783 226 1844 tum
253 1786 308 1845 eat
337 1779 560 1846 Interamnam
589 1775 750 1864 proximis
778 1775 905 1863 eampis
938 1775 1106 1863 praesidio
1134 1783 1217 1863 qua'·

148 1879 404 1968 ¹alrinpenterum
426 1881 574 1968 equitum
597 1881 716 1948 teneri.
765 1879 887 1946 missua
910 1880 1080 1968 extemplo
1102 1878 1218 1946 Varus

153 2005 228 2054 oum
260 1983 413 2074 expedita
450 2007 547 2050 manu
578 2005 702 2072 pannos
738 1985 993 2072 repugnantium
1031 1983 1219 2066 interleeitr.

153 2090 269 2180 plures
292 2089 431 2154 abieotis
456 2087 559 2154 armis
580 2087 708 2154 veniam
732 2087 889 2174 petivere.
933 2085 1078 2174 Quidam
1105 2089 1140 2152 in
1163 2111 1218 2154 oa-

151 2202 225 2259 stra
245 2190 353 2278 refugi
373 2201 492 2256 nunota
513 2189 689 2257 tormidine
710 2189 910 2278 implebant,
932 2189 1080 2276 eugendo
1106 2213 1218 2258 numo-

152 2295 251 2360 nibus
275 2296 431 2360 virtutem
453 2293 632 2382 oopiasque
660 2294 824 2375 laertium,
857 2316 922 2382 quo
947 2294 1063 2360 amiani
1089 2294 1219 2382 prassi-

152 2394 205 2464 dit
226 2395 369 2464 dedeous
391 2397 545 2467 lenirent.
588 2419 647 2464 neo
676 2397 747 2464 ulle
776 2396 864 2488 apud
890 2395 1094 2464 Vitellianos
1124 2399 1218 2484 flagi·

154 2500 197 2566 tii
217 2521 339 2588 poena,
359 2507 394 2567 et
416 2501 572 2590 praemiis
594 2501 798 2568 detentorum
823 2521 920 2568 verse
943 2499 1045 2582 lidos,
1077 2523 1115 2567 aa
1137 2505 1218 2568 neli-

154 2627 256 2694 quum
285 2603 444 2694 perfidiae
471 2615 649 2672 nontamen.
698 2602 826 2673 Crabra
854 2603 1041 2688 transfugia
1068 2603 1219 2670 tribuno·

149 2731 228 2778 rum
252 2707 556 2796 centurionumque.
604 2727 681 2797 nam
704 2707 878 2792 gregarius
902 2705 999 2772 milen
1021 2705 1218 2775 induruerat

10 2839 13 2852 ·
153 2835 218 2903 pre
237 2811 393 2892 Vitellio,
418 2809 520 2900 donea
543 2806 681 2876 Priscus
703 2817 739 2874 at
760 2807 905 2876 Alfenus
931 2809 1072 2876 desertis
1094 2811 1217 2876 nestris

155 2915 198 2983 ad
225 2913 402 2982 Vitellium
433 2913 579 3002 regressi
613 2909 739 3001 pudore
767 2911 968 3000 proditionis
996 2921 1134 2980 eunotes
1161 2936 1218 2980 an-

150 3023 330 3088 solverent.

251 3126 307 3193 62.
348 3119 459 3188 ladem
481 3117 597 3184 diebus
616 3115 742 3182 Fabius
765 3113 889 3183 Valens
903 3115 1026 3183 Urbini
1048 3119 1081 3186 in
1101 3125 1219 3184 eusto-

153 3225 208 3294 lta
226 3223 437 3292 interficitur.
466 3220 576 3310 Caqaut
597 3211 669 3286 eius
683 3217 876 3286 Vitellianis
900 3221 1092 3289 cohortibus
1107 3231 1218 3290 osten·

152 3337 277 3406 tatum,
307 3349 347 3392 ne
370 3348 468 3414 quom
491 3325 580 3390 ultra
608 3345 700 3411 spem
727 3323 892 3390 foverent:
922 3345 997 3390 nam
1028 3329 1217 3413 pervasisse

154 3431 187 3495 in
211 3429 406 3496 Germanias
429 3426 604 3495 Valentem
627 3435 662 3494 et
684 3435 812 3493 veterae
841 3427 912 3494 illio
935 3449 1103 3516 novosque
1126 3451 1220 3496 exer-

221 3602 251 3658 c.
268 3605 313 3653 tr.
346 3615 434 3656 oerao
450 3604 593 3666 Frelusn„
611 3605 635 3652 1ι.
654 3615 678 3652 e.
695 3612 805 3655 eversa.
820 3602 909 3655 nerto
925 3605 980 3654 lta.

203 3739 314 3790 metiore
333 3739 389 3790 illis
404 3775 434 3790 ..
457 3742 500 3799 at]
521 3741 575 3790 l’er
592 3751 660 3790 aab
756 3738 786 3789 c.
798 3741 843 3789 er.
875 3741 1016 3806 protum]
1029 3741 1097 3792 lae.
1110 3743 1219 3805 gratian

153 3807 292 3858 oolntnon.
322 3807 484 3860 Constantia
504 3811 661 3858 structurae
705 3816 826 3860 osum

154 3877 280 3940 exigebat
292 3881 340 3926 eut
351 3879 400 3942 fla,
419 3879 458 3942 at,
477 3879 661 3943 quaesissent,

153 3945 187 3997 te
201 3947 409 4011 praesentiens,
427 3949 474 3996 ont
493 3947 549 3996 tttts
564 3947 614 4010 prat
632 3977 662 3994 ..
756 3941 786 3994 c.
799 3945 843 3996 62.
875 3946 1052 4008 peremisse]
1075 3946 1096 3996 Ι.
1111 3960 1134 3997 s.
1148 3959 1217 3998 aaa·

152 4017 344 4078 quaesissent,
361 4015 529 4084 generenam
544 4015 578 4066 aa
599 4015 661 4078 qna·
704 4007 777 4060 sine
799 4025 833 4062 ex
852 4015 978 4066 ananan
1002 4027 1036 4066 ιο
1059 4017 1216 4080 perfugam

151 4083 279 4134 ouslloet.
704 4077 733 4128 in
747 4081 930 4135 Germaniam.
