2854 4798
234 279 280 349 to
572 275 984 348 rtts'rotttuntiu

186 457 310 526 series
331 459 462 520 tantum
485 473 566 518 suae
587 459 783 540 turmasque
806 462 982 535 noverant3
1004 455 1170 520 exercitos
1192 449 1317 516 linibus

238 561 483 652 provinciarum
513 555 801 626 discernebantur.
852 567 923 624 tum
953 557 1116 623 adversus
1137 553 1315 622 Vindicem

236 673 439 732 contractae·
454 661 603 746 legiones
627 681 731 748 seque
759 670 794 726 et
818 659 949 728 Gallias
972 667 1132 751 expertae
1154 678 1316 747 quaerere

236 791 358 836 rursus
381 787 473 830 arma
495 787 664 852 tionesque
686 763 894 846 discordias,
923 787 983 832 nec
1004 765 1133 846 socios,
1163 771 1204 828 ut
1223 759 1316 836 olim,

237 874 299 941 sed
328 869 508 938 hostes‘ct
532 871 639 934 victos
661 871 837 937 vocabant.
888 869 960 938 Nec
984 869 1101 935 deerat
1128 887 1209 955 pars
1234 862 1315 929 Gal-

236 980 380 1055 liarum,
417 995 503 1060 qnae
524 973 675 1040 Rhenum
708 977 848 1056 accolit,
879 975 1012 1041 easdem
1042 981 1156 1062 partes
1185 974 1314 1048 secuta,

238 1105 277 1148 ae
304 1091 376 1145 tum
405 1079 569 1144 acerrima
607 1071 798 1166 instigatrix
827 1079 989 1146 adversus
1019 1077 1220 1145 Galbianos:
1254 1073 1315 1138 boe

237 1187 325 1252 enim
355 1202 474 1248 nomen
504 1179 659 1247 fastidito
686 1180 831 1247 Vindice
861 1183 1062 1250 indiderant.
1111 1181 1224 1266 igitur
1253 1175 1313 1244 Se·

237 1289 359 1378 thanis
381 1284 582 1371 Aeduisque
609 1307 646 1350 ao
671 1283 810 1365 deinde,
837 1295 938 1374 prout
967 1287 1140 1376 opulentia
1169 1280 1314 1348 civilati-

238 1397 302 1460 bus
331 1401 423 1470 erat,
460 1388 582 1454 infensi
610 1390 857 1476 expugnatione
891 1393 1042 1472 urbium,
1078 1385 1314 1478 populationes

238 1519 407 1584 agnorunt,
428 1502 547 1581 raptus
569 1495 738 1579 penatium
758 1493 943 1560 haerescunt
966 1495 1087 1574 animo,
1110 1511 1214 1580 super
1237 1509 1313 1553 ana-

237 1604 352 1668 ritiam
373 1607 408 1664 et
428 1597 672 1680 arrogantiam,
695 1598 873 1686 praecipua
896 1597 1093 1665 validiorum
1117 1597 1214 1672 vitia,
1235 1613 1314 1657 con·

237 1703 383 1770 tumaoin
406 1701 581 1768 Gallorum
605 1699 750 1782 irritabit
778 1701 837 1788 qui
860 1702 1034 1767 remissam
1066 1699 1132 1766 sibi
1162 1695 1314 1764 eGalba

237 1815 390 1897 quartam
410 1805 614 1870 tributorum
639 1815 767 1892 partem
790 1815 825 1870 et
845 1807 977 1894 publice
1000 1803 1142 1872 donatos
1164 1803 1199 1868 in
1221 1801 1315 1886 igno-

237 1911 373 1976 miniam
393 1911 558 1974 exercitus
581 1909 762 1976 iactabant.
805 1909 967 1977 Accessit
988 1907 1110 1974 callide
1133 1909 1314 1993 volgatum,

236 2022 363 2081 temere
385 2009 569 2092 creditum,
597 2010 767 2078 decumani
785 2013 934 2098 legiones
962 2020 997 2080 et
1026 2013 1314 2102 promptissimum

236 2138 401 2209 quemque
423 2116 651 2182 centurionum
673 2113 812 2183 dimitti.
855 2113 1014 2206 Undique
1037 2125 1169 2184 atroces
1193 2112 1315 2192 nuntii,

236 2222 377 2289 sinistra
399 2241 439 2285 ex
461 2219 546 2284 urbe
567 2218 673 2300 iamet
706 2221 836 2286 infense
858 2221 1096 2307 Lugdunensis
1118 2219 1250 2288 colonia
1279 2225 1316 2280 ct

235 2325 402 2416 pertinaci
426 2343 487 2411 pre
502 2321 638 2390 Nerone
657 2321 723 2389 lide
744 2324 885 2392 iocunda
902 2326 1105 2392 rumoribus.
1148 2323 1217 2390 Sed
1239 2321 1316 2410 plu·

235 2431 322 2495 rima
344 2427 387 2494 ad
408 2426 597 2512 fingendum
620 2426 889 2516 credendumque
911 2429 1067 2494 materies
1090 2429 1125 2492 in
1148 2427 1234 2515 ipsis
1260 2447 1315 2490 ca-

236 2535 340 2614 stris,
362 2531 451 2612 odio,
475 2539 585 2608 metu,
609 2537 645 2595 st
666 2531 725 2597 nbi
745 2531 835 2598 vires
857 2554 936 2598 suas
956 2541 1189 2619 respexerant,
1220 2551 1317 2596 seeu-

235 2639 351 2705 ritate.
396 2637 452 2703 ⁵2.
477 2631 549 2700 Sub
572 2634 667 2719 ipsae
690 2637 877 2724 superioris
894 2637 971 2702 anni
991 2634 1148 2702 colendas
1171 2635 1316 2702 Decem·

235 2742 314 2808 brea
337 2741 454 2809 Aulus
477 2735 643 2803 Vitellius
677 2739 867 2806 inferiorem
894 2739 1107 2807 Germaniam
1137 2740 1314 2825 ingressus

233 2844 373 2910 hiberna
394 2841 562 2927 legionum
585 2863 660 2906 oum
683 2865 763 2910 cura
787 2843 927 2913 adierat.
977 2841 1118 2911 Redditi
1141 2842 1315 2930 plerisque

233 2949 389 3028 ordines,
412 2947 554 3013 remissa
577 2945 777 3030 ignominia,
799 2949 961 3016 alienatae
983 2959 1101 3030 notae,
1125 2949 1224 3035 plura
1246 2967 1316 3013 am-

127 3185 137 3200 2
232 3157 333 3224 tiopta.
349 3158 421 3206 Anu.
438 3153 476 3220 ll,
494 3155 520 3203 6.
544 3153 639 3204 Nares
654 3187 662 3202 .
676 3187 684 3204 .
698 3169 753 3206 aa·
846 3167 902 3221 pro
917 3155 1050 3216 Nerone]
1080 3155 1316 3206 leenimciattem

232 3227 375 3295 petantur
395 3223 554 3275 alacritate
573 3225 697 3275 miiitum
722 3226 753 3274 in
795 3221 1315 3294 lugdunensemquadragieseester-

233 3297 356 3360 spectem
397 3307 433 3345 ao
474 3295 643 3353 terrorem
688 3295 753 3346 coll.
795 3297 837 3344 tio
861 3299 972 3346 solatas
990 3298 1037 3348 est
1059 3296 1210 3362 princeps,
1240 3297 1315 3344 Anu.

232 3369 301 3430 Agr.
316 3363 359 3414 ³5.
374 3366 412 3414 nt
423 3365 478 3412 Me.
491 3363 530 3414 od
542 3363 753 3426 dedecorasset
796 3365 876 3431 xvl,
896 3365 938 3413 te.

231 3433 643 3568 iiiiliiiiiitiiii'lt
656 3436 752 3552 iiiii}
796 3465 1136 3601 rmtiiii'uffl'lffll,
1152 3465 1197 3582 ἐξ.
1207 3475 1316 3584 effi

233 3571 478 3692 εἰξὼῑξὲἓῶἱᾌῆζ
488 3571 626 3690 iimlffi’
651 3571 687 3619 Μ
709 3571 751 3621 ⁰¹*
796 3606 943 3656 tortorum
954 3601 1117 3654 cohortium
1129 3614 1204 3654 cora
1216 3605 1316 3654 scoot-

481 3671 487 3687 ·
617 3673 623 3686 ·
795 3674 842 3742 οε,
860 3675 924 3726 0011.
943 3675 976 3722 n.
993 3673 1030 3738 11,
1046 3671 1089 3723 57.

283 3711 401 3775 deinde,
421 3710 439 3758 l.
454 3723 480 3771 q.
496 3709 635 3771 deinceps.

284 3781 410 3844 raptast
434 3777 489 3828 Pro
503 3779 680 3841 direptiones
701 3777 751 3828 do-
845 3777 989 3826 otteoatae
1007 3773 1113 3833 notae]
1132 3775 1154 3824 l.
1170 3785 1195 3823 e.
1217 3783 1316 3822 exera-

231 3859 347 3899 morant.
365 3847 598 3898 Moxiaaserant
610 3846 707 3898 aniam
720 3850 752 3897 nt
794 3846 876 3910 ptae,
902 3846 1036 3896 sublatae.
1074 3843 1131 3893 cic.
1146 3843 1207 3891 lus.
1223 3841 1247 3904 Ι,
1268 3837 1316 3890 42.

231 3915 483 3981 Gle.1³ttit.xt,5.
516 3917 590 3980 Qaid
610 3928 675 3967 enm
694 3928 752 3966 non
794 3913 992 3977 Reprehensio
1012 3915 1058 3962 eet
1076 3923 1132 3975 per
1152 3922 1239 3974 quam
1260 3921 1319 3959 ar-

231 3987 350 4038 aorters
363 3987 475 4050 animo,
495 3987 564 4049 anta
577 3999 634 4036 non
648 3984 752 4035 baert·
794 3981 1320 4050 pommtaoaooaoersarioramcon-

230 4065 267 4104 re
282 4055 473 4123 capitatione,
489 4055 570 4106 entus
585 4053 752 4119 sanguinem
794 4051 924 4118 firmatio
937 4051 1064 4102 diluitur
1076 4053 1129 4102 ont
1143 4047 1321 4114 memmae·

230 4133 289 4176 noe
306 4126 401 4177 iibere
413 4119 559 4176 cannot
583 4125 697 4176 literar..
794 4126 847 4176 aest
857 4123 1014 4174 alienatur.
