2844 4798
234 285 283 386 ra.
490 290 495 306 ·
573 306 602 326 ι.
650 263 849 376 ·.11ΔΡ.·1.
896 301 1006 335 -·.
1097 295 1139 325 1·-

239 455 343 528 eaepe
364 435 469 532 ioutie
498 439 550 505 rol
577 439 788 518 nummis
815 439 890 508 leno
925 437 1042 509 iuieee.
1095 436 1141 506 lu
1173 440 1296 510 honoro

1 523 2 537 ¹
138 613 139 621 ἵ
238 540 355 618 ealtam
395 538 478 620 init,
526 538 630 610 donee
664 540 934 614 obmutescerent
974 543 1108 620 litteren
1143 539 1296 616 Latinae.

236 639 368 724 Deinde
404 648 579 730 peetquoan
608 641 739 708 eaedem
771 643 968 710 resuscitari
993 652 1190 730 coeperunt,
1226 643 1297 732 pri·

239 763 312 815 mue
334 743 490 814 Tacitum
512 740 620 811 edidit
642 741 758 832 Spina,
778 743 932 810 Venetiie
955 747 1053 818 1470.
1080 751 1120 813 ut
1140 743 1296 814 dredunt.

239 843 522 936 Erpe.Spirenaie
549 842 652 910 editio
674 848 828 933 princepe
848 844 1000 918 hahetur.
1050 845 1296 933 sedquoniam

239 947 333 1034 prior
353 945 533 1012 Annalium
558 965 637 1032 pare
661 956 739 1033 poet
761 969 834 1014 eum
860 969 978 1014 aunum
1001 955 1132 1035 reperta
1153 957 1224 1030 eet,
1245 951 1297 1018 ina

241 1047 454 1136 ‚legra'l'aoiti
476 1067 576 1134 opera
600 1048 725 1136 primae
750 1049 897 1118 edidieee
918 1048 1076 1116 dineudue
1092 1056 1147 1118 eet
1166 1048 1296 1119 Bero-

241 1151 368 1230 aldue
378 1149 504 1220 Romae
521 1152 618 1221 lala.
632 1213 633 1218 ,
647 1149 839 1244 sospitator
851 1151 964 1220 Taeiti
986 1150 1080 1218 audit
1092 1149 1211 1219 luetue
1225 1153 1297 1222 Li-

240 1255 376 1342 peiue.
410 1252 520 1321 Tanta
532 1250 620 1316 euim
634 1255 777 1322 raritate
790 1262 824 1320 et
838 1253 1055 1322 admiratione
1068 1253 1142 1320 eiue
1153 1253 1297 1344 euripia-

240 1357 289 1429 ria
305 1353 505 1434 ,taurinatum
542 1359 582 1419 ut
610 1362 783 1440 poetpuam
818 1353 957 1440 legendo
986 1355 1225 1444 relegendoque
1252 1357 1296 1435 ad

240 1456 376 1526 verbum
400 1453 584 1536 edidinerat
605 1455 678 1525 eine
702 1456 845 1543 erupta,
874 1457 948 1543 ipae
968 1459 1065 1542 qnaei
1085 1459 1173 1524 alter
1194 1457 1295 1524 Tari-

240 1568 296 1628 tue
323 1558 488 1626 exieteret.
512 1564 547 1621 et
574 1557 704 1645 egregie
740 1557 883 1642 plurima
918 1557 1073 1629 mendam
1102 1561 1296 1646 corrigeret,

240 1659 380 1728 obeoura
417 1659 621 1738 illustrarem
659 1657 799 1744 primum
826 1659 1029 1746 Autverpiae
1065 1661 1161 1730 1174.
1215 1659 1294 1731 Non

240 1763 345 1830 multo
375 1758 523 1828 deterius
553 1759 674 1823 meruit
705 1757 888 1826 Pinhena
917 1759 1072 1846 Lugduni
1093 1759 1171 1828 Bal.
1196 1765 1294 1832 1607.

240 1866 386 1950 adeoque
412 1863 509 1928 homo
528 1859 642 1936 Latini
669 1860 829 1930 eermnuie
860 1885 943 1929 unue
971 1861 1215 1950 peritissimus,
1242 1860 1292 1932 lo.

134 1952 136 1963 ’
236 1967 294 2034 Fr.
317 1963 556 2032 Gronovius
581 1963 772 2047 Ametelod.
797 1967 892 2034 1672.
942 1965 1048 2032 Multa
1071 1971 1184 2030 eontra
1208 1964 1294 2031 Gro-

238 2068 369 2136 norinm
392 2065 523 2131 utiliter
541 2071 576 2128 et
596 2071 687 2130 reate
702 2069 827 2133 monuit
841 2063 969 2134 Thend.
983 2065 1169 2150 Ryekina
1185 2064 1294 2152 Lugd.

237 2171 313 2238 Bai.
338 2167 432 2236 1687.
493 2165 613 2232 Seeuta
649 2176 702 2232 eet
734 2167 837 2234 aditio
871 2165 942 2234 loir.
974 2167 1067 2252 Aug.
1098 2165 1128 2234 E
1136 2168 1293 2234 rneetii

237 2273 333 2358 Lipe.
357 2273 452 2338 1⁷⁵2.
478 2269 636 2356 pleraque
659 2289 738 2333 eano
766 2276 898 2334 uteret
923 2267 1046 2334 indioin
1076 2275 1166 2334 rente
1188 2270 1292 2357 expli·

239 2373 356 2452 eantie,
380 2371 414 2435 in
433 2391 472 2434 eo
496 2385 602 2436 tamen
622 2367 709 2435 haud
733 2391 809 2435 raro
831 2372 1009 2456 pendentia,
1032 2369 1120 2457 quod
1140 2369 1294 2458 Cinereni

101 2505 102 2512 ¹
238 2477 310 2563 ipse
338 2491 435 2560 quam
463 2468 584 2536 Tanito
619 2470 815 2538 familiarior
853 2471 966 2538 Taniti
992 2493 1174 2564 normanum
1211 2475 1292 2558 legi·

238 2577 300 2642 bue
340 2572 501 2640 normanie
537 2570 744 2646 Cinoroniani
789 2573 936 2640 severiae
978 2575 1066 2640 ineto
1100 2573 1291 2644 adstrinxit.

237 2677 414 2764 Repetiare
440 2683 550 2739 tamen
585 2674 667 2739 hano
696 2673 873 2747 editionem
901 2675 977 2744 ueui
1005 2687 1093 2742 eane
1112 2697 1291 2743 aenommo-

238 2779 443 2846 datieeimam
464 2775 522 2843 Fr.
544 2777 635 2864 Aug.
658 2776 845 2843 Woliiue
876 2799 948 2842 aum
979 2775 1044 2844 lor.
1066 2776 1133 2846 iao.
1158 2779 1291 2846 Ober-
1414 2859 1417 2865 Ι

236 2883 323 2946 lino
350 2879 443 2967 Lipn-
473 2880 570 2948 18⁰1.
619 2877 755 2946 Nandet
778 2875 887 2946 Parin.
910 2881 1006 2950 1819.
1035 2887 1070 2945 ot
1096 2879 1159 2950 lrn.
1180 2880 1292 2948 Beir-

235 2977 620 3066 kerneLipe.1831.‚
648 2981 696 3045 ita
725 2988 763 3045 ut
790 3001 851 3046 ena
880 2981 1020 3068 quinquo
1048 2989 1083 3048 et
1110 3003 1193 3049 nova
1222 2984 1292 3049 aui·
1413 3046 1414 3050 ,

237 3079 462 3146 madrereione
481 3088 592 3148 vetera
615 3087 785 3166 augerent.
816 3080 883 3167 Qui
905 3081 1052 3147 Erneetii
1074 3093 1187 3170 partae
1211 3105 1290 3174 pro-

236 3183 321 3246 xime
350 3193 542 3268 exceperat,
572 3183 675 3252 Gabr.
697 3181 868 3248 Brotier
894 3181 1003 3252 Paria.
1026 3188 1122 3254 1771.
1155 3190 1291 3276 eupple-

237 3282 355 3347 mentia
387 3278 577 3368 deperditae
605 3283 718 3350 Taciti
753 3283 857 3350 iibroe
893 3288 1042 3372 exemplo
1073 3285 1291 3356 Freinshemii

235 3383 270 3448 in
293 3383 457 3470 quantum
472 3393 605 3474 poterat
624 3387 879 3473 rumpeneando,
907 3387 1006 3454 eilnul
1029 3388 1175 3455 oudinum
1200 3391 1290 3458 Oro-

235 3487 409 3566 nieneium,
432 3484 685 3566 vaticanorum,
708 3485 909 3556 Parieieneie
933 3493 1117 3578 scripturae
1139 3515 1290 3579 promen·

236 3587 296 3669 do,
317 3585 447 3654 landem
471 3588 609 3670 meruit,
631 3598 774 3652 netarum
796 3585 839 3653 ad
860 3591 1066 3658 subtiliorem
1089 3594 1186 3660 liniue
1207 3598 1290 3662 eori-

235 3688 343 3775 ptorie
365 3688 605 3754 enarrationem
629 3709 693 3754 non
713 3691 797 3754 eatir
816 3700 1046 3778 praeparatur.
1096 3691 1163 3762 Sed
1185 3697 1290 3784 pluri·
1417 3755 1418 3762 ,

235 3812 321 3856 mum
348 3809 468 3878 operae
504 3791 635 3855 navavit
662 3788 782 3856 Tanito
812 3791 874 3858 (io.
901 3791 1005 3858 Henr.
1031 3793 1287 3865 Waltherne
1414 3800 1415 3821 ¹

232 3915 305 3959 oum
329 3914 368 3956 eo
397 3890 455 3978 qui
481 3889 669 3956 inchoatum
697 3913 780 3981 opue
806 3891 946 3978 perierit
973 3889 1030 3960 Fr.
1059 3895 1152 3982 Aug.
1181 3895 1288 3964 Eok.

231 3997 346 4064 etein
381 3991 461 4060 Hal.
492 3993 588 4062 1831.
617 3995 711 4064 1833.
744 4001 821 4083 apta
856 4013 894 4058 ao
926 3991 1078 4078 diligenti
1106 4007 1288 4087 apparatae
