2854 4798
223 269 270 335 '1⁰
565 257 978 332 fflsuomnnuu

180 439 361 508 su'voltum
382 437 520 506 intueri.
560 445 665 526 ntque
686 437 797 504 evenit
823 435 993 502 inclinatis
1015 430 1059 500 ad
1081 433 1312 521 suspicionem
1405 489 1406 500 ,

233 541 419 622 mentibus,
438 561 515 608 eum
538 543 672 608 timeret
689 540 800 622 Otho,
820 541 1014 607 timebatur.
1055 535 1125 606 Sed
1147 534 1236 602 haud
1256 557 1314 602 se·

233 669 294 715 cus
310 645 502 716 discrimine
525 639 662 712 senatus
683 667 783 732 quarn
804 667 866 711 seo
882 644 1040 724 territus,
1061 647 1097 707 ct
1116 641 1311 731 praefectos

234 751 398 844 praetorii
420 751 462 817 ad
484 747 685 836 mitigandas
709 751 853 815 militum
873 749 944 815 iras
965 745 1081 815 statim
1102 745 1254 824 miserat,
1276 749 1315 809 et

236 853 330 920 ahira
350 875 493 943 propera
513 875 627 920 omnes
650 874 670 918 e
693 853 842 920 convivio
863 851 976 921 iussit.
1018 849 1108 917 Tum
1129 869 1209 915 vero
1232 867 1315 934 pas·

234 959 300 1025 sim
324 959 563 1044 magistratus,
594 957 755 1046 proiectis
786 956 990 1042 insignibus,
1018 955 1124 1021 vitata
1151 952 1314 1018 comitum

237 1069 272 1127 st
294 1083 464 1130 servorum
487 1063 693 1149 frequentia,
722 1083 819 1129 senes
842 1061 1048 1148 feminaeque
1070 1079 1131 1144 per
1153 1057 1316 1122 tenebras

237 1161 371 1231 diversa
397 1166 493 1232 urhis
523 1165 663 1245 itinere,
698 1166 768 1230 rari
797 1165 931 1245 domos,
957 1161 1097 1251 plurimi
1129 1161 1314 1227 amicorum

238 1275 349 1344 mota,
366 1275 401 1335 et
422 1274 461 1334 ut
482 1269 602 1354 cuique
626 1268 834 1335 humillimus
857 1270 974 1348 cliens,
993 1266 1139 1332 incertas
1161 1265 1318 1332 latebras

238 1371 398 1460 petivere.
439 1374 496 1444 82.
523 1371 670 1438 Militum
694 1373 841 1460 impetus
870 1393 911 1438 na
940 1369 1071 1436 foribus
1093 1368 1229 1457 quidem
1253 1391 1317 1458 pn·

237 1474 314 1540 latii
329 1475 506 1554 coercitus,
527 1495 593 1562 quo
615 1475 724 1540 minus
739 1476 923 1543 convivium
942 1475 1178 1561 irrumperent,
1200 1481 1319 1538 ostam

239 1575 277 1644 di
297 1577 363 1644 sihi
386 1577 553 1646 Othonem
576 1581 844 1666 expostulantes,
868 1579 1040 1645 volnerato
1063 1573 1154 1642 lulio
1173 1577 1318 1644 Martia-

239 1681 274 1748 le
294 1681 430 1750 tribuno
452 1685 488 1748 et
503 1680 645 1749 Vitellio
660 1679 840 1749 Saturnino
863 1679 1033 1771 praelecto
1054 1679 1213 1764 legionis,
1234 1680 1317 1747 dum

241 1785 419 1852 ruentibus
441 1785 624 1855 obsistunt.
667 1782 825 1873 Undique
848 1805 939 1851 arma
961 1789 998 1849 et
1019 1781 1137 1864 minae,
1158 1781 1255 1850 modo
1279 1787 1319 1851 in

241 1889 453 1954 centuriones
477 1889 715 1976 tribunosque,
743 1889 841 1956 modo
873 1890 908 1954 in
929 1875 1084 1955 senatuis
1110 1889 1318 1970 universum,

240 1993 423 2081 lymphatis
444 2013 543 2059 caeco
565 2013 688 2081 pavore
709 1992 846 2073 animis,
868 2001 903 2059 et
926 1991 1005 2080 quia
1026 1991 1188 2057 neminem
1211 2013 1317 2059 unum

241 2095 413 2162 destinare
433 2095 504 2160 irae
527 2104 693 2183 poterant,
716 2095 886 2163 licentiam
906 2097 941 2162 iu
956 2117 1069 2162 omnes
1088 2097 1320 2186 poscentibus,

242 2197 348 2266 doaso
370 2199 481 2279 Otho,
502 2206 619 2265 contra
641 2199 745 2266 decus
768 2201 916 2289 imperii,
938 2207 1013 2266 toro
1035 2200 1213 2285 insistens,
1241 2225 1322 2293 pre-

242 2305 337 2371 cihus
359 2311 395 2370 et
413 2303 563 2368 lacrimis
583 2323 681 2388 aegre
703 2303 869 2384 cohibuit,
891 2302 1127 2393 redieruntque
1145 2305 1182 2371 iu
1205 2315 1321 2373 castra

200 2470 203 2480 .
242 2407 341 2475 inviti
362 2429 470 2496 nsque
492 2407 697 2474 innocentes.
751 2401 896 2472 Postera
919 2405 974 2472 die
1000 2411 1094 2475 velut
1115 2415 1214 2498 capta
1235 2411 1322 2476 urhe

243 2515 379 2579 olsusae
405 2511 544 2592 domus,
565 2533 664 2577 rarus
686 2529 747 2598 per
767 2511 840 2576 vias
862 2511 1023 2599 populus,
1053 2519 1180 2578 maesta
1203 2513 1322 2601 plshs3

242 2615 362 2682 deiecti
376 2612 411 2682 in
432 2623 556 2680 terram
574 2613 716 2679 rnilitum
737 2615 860 2697 voltus,
885 2635 923 2678 ac
938 2615 1016 2703 plus
1038 2615 1201 2683 tristitiae
1214 2641 1318 2705 quam

243 2717 480 2808 paenitentiae.
532 2717 767 2806 Meuipulatim
789 2717 928 2783 allocuti
958 2725 1037 2784 sunt
1057 2718 1209 2786 Licinius
1234 2719 1322 2790 Pro-

244 2826 344 2891 culus
375 2830 412 2889 et
432 2817 567 2888 Plotius
589 2819 725 2886 Firmus
749 2821 927 2908 praelecti,
959 2843 999 2888 ex
1022 2845 1083 2890 suo
1105 2825 1323 2912 quicquain·

245 2930 346 3015 genio
368 2925 485 2992 mitius
510 2933 568 2990 aut
595 2921 778 2992 horridius.
837 2923 932 2992 Finis
954 2927 1117 2996 sermonis
1139 2928 1175 2995 in
1195 2951 1253 3007 eo,
1283 2937 1325 2996 ut

246 3031 348 3118 quino
372 3029 465 3094 milia
493 3049 662 3095 nummum
692 3025 835 3114 singulis
861 3027 1027 3097 militihus
1054 3041 1324 3104 numerarentur.

247 3133 336 3201 Tum
360 3131 453 3199 Otho
484 3129 615 3217 ingredi
638 3138 750 3196 eastra
775 3153 888 3201 ausus.
940 3141 1041 3221 atqua
1070 3135 1166 3202 illum
1195 3139 1325 3206 trihuui

297 3335 429 3388 incertas
440 3333 580 3394 latebras]
596 3335 760 3401 Πίῳ-,38
806 3339 901 3402 agent!
927 3339 1115 3402 praepositum
1139 3342 1272 3407 dacisque
1297 3345 1326 3396 ln

250 3405 364 3457 incerta
380 3406 467 3472 sapae
481 3405 612 3471 vestigia.
808 3417 842 3458 ea
861 3407 953 3460 offlcio
972 3412 1149 3478 fungentem,
1181 3415 1228 3474 qul
1249 3415 1327 3465 intra

299 3473 381 3526 (282.
399 3475 549 3540 praefecto
561 3471 692 3538 lepionls]
703 3471 763 3521 Vc·
809 3477 847 3541 11,
859 3479 903 3529 86.
919 3479 1027 3542 111,⁵².
1043 3482 1071 3530 ct
1084 3482 1159 3530 Suet.
1175 3483 1228 3532 uit.
1242 3481 1268 3533 4.
1290 3487 1326 3534 ah

251 3545 305 3608 get
321 3542 358 3606 ll,
371 3545 396 3593 9.
430 3543 571 3606 Propriae
588 3543 678 3593 tuden
698 3543 765 3593 eret
809 3545 978 3608 imperatore
1010 3549 1114 3612 leptont
1139 3551 1327 3616 praepositas

250 3613 420 3678 praefectus
434 3612 553 3678 teqtonts
572 3611 674 3662 hahens
688 3623 765 3661 oona·
809 3619 935 3667 vocatur.
969 3615 1132 3672 Wnnraun.

251 3679 767 3816 lenesmontem
869 3715 956 3778 vo
982 3717 1079 3776 m]

252 3821 381 3872 cunctas
387 3819 479 3881 ustus
489 3819 661 3881 potestatem
671 3819 767 3868 mocs'-
809 3779 844 3854 ’ᾗ
857 3779 882 3836 δ’
893 3777 1019 3868 δ”,ῧθξῑᾳ
1032 3781 1220 3853 dopmdpsm
1234 3782 1329 3842 linas-

251 3887 488 3941 manarettnedat.
513 3887 688 3938 Trttuntoel
701 3899 767 3937 cen·
810 3869 860 3908 '⁶⁶
884 3871 937 3904 Μ
964 3851 1058 3921 '⁶⁹³9‘
1084 3853 1182 3918 guttas:
1198 3861 1246 3908 sul
1266 3853 1330 3910 dsc-

252 3958 384 4011 tartones
408 3957 556 4022 ceterique
580 3956 686 4008 milltes
707 3957 767 4006 etas
811 3923 916 4046 τῗῖῑῦς
933 3925 981 4002 ²⁰!
999 3922 1173 4008 'W‘WJ
1197 3921 1330 4045 {W‘f'

250 4027 407 4094 praecepto
425 4025 590 4077 seruabant.
639 4024 768 4088 Intellige
825 4006 863 4058 ’ἢ
905 4007 934 4042 ⁶⁹
952 4007 990 4046 ⁸⁴⁶
1008 4010 1041 4044 '⁰
1062 4009 1199 4060 “⁰⁶'0m
1219 4012 1259 4048 θ’·

250 4095 335 4162 igitur
362 4095 453 4147 vuum
483 4095 590 4160 legionl
618 4097 769 4160 separatim
863 4093 950 4161 luto,
968 4095 1030 4147 soll.
1047 4095 1203 4150 amamus
1216 4097 1295 4150 αδδ.
