2844 4798
187 229 234 298 24
527 233 940 308 Historiarum

104 452 107 460 -
143 401 188 456 ⁶⁹·
196 400 287 490 quod
307 403 343 471 iu
364 405 502 475 civitate
523 416 641 478 nostra
661 416 698 478 et
718 411 889 480 vetabitur
908 431 1042 502 semper
1061 416 1097 476 et
1117 400 1268 476 retinebi-

194 517 264 575 tur.
305 507 433 578 Multos
450 519 582 579 secreta
604 510 784 602 Poppaeae
806 515 1070 594 mathematicos,
1091 508 1268 604 pessimum

194 610 393 699 principalis
414 615 620 682 matrimonii
639 617 911 701 instrumentum,
931 618 1171 692 habuerantye
1193 608 1270 696 qui-

195 712 259 781 bus
280 709 495 784 Ptolemaeus
518 718 646 786 Othoni
664 721 699 785 iu
721 719 888 808 Hispania
909 743 1038 805 acmes,
1060 737 1128 787 cun
1150 731 1271 802 snper·

193 815 345 884 loturum
365 841 441 887 eum
466 820 596 890 Neroni
624 825 858 913 promisisset,
885 833 1062 913 postquam
1090 841 1126 888 ex
1147 821 1270 884 eventu

194 917 302 999 fides,
328 924 519 991 coniectura
542 923 609 992 iarn
632 933 667 992 et
689 947 823 993 rumore
845 928 974 994 senium
998 925 1121 995 Galbae
1148 929 1185 988 et
1217 919 1270 986 iu-

195 1032 326 1092 ventam
347 1021 492 1096 Othonis
514 1027 777 1118 computantium
808 1039 1025 1116 persuaserat
1054 1033 1138 1110 lare,
1168 1033 1207 1092 ut
1233 1023 1269 1088 in

194 1127 372 1216 imperium
402 1129 664 1198 adscisceretur.'
708 1129 777 1199 Sed
799 1131 891 1200 Otho
914 1141 1066 1223 tanquan
1091 1129 1212 1219 peritia
1234 1133 1272 1192 et

196 1232 324 1300 monitu
350 1234 497 1301 latorum
525 1233 697 1323 praedicte
727 1233 929 1322 accipiebat,
964 1236 1116 1327 cupidius
1144 1229 1271 1318 ingenii

194 1335 331 1402 bomani
349 1335 511 1406 libentius
523 1339 667 1407 obscura
680 1335 850 1408 credendi.
893 1343 949 1411 23.
971 1341 1040 1408 Neo
1054 1339 1171 1406 deerat
1188 1331 1271 1400 Pto-

193 1439 363 1516 lamneus,
389 1443 457 1508 iam
479 1449 515 1507 et
544 1440 684 1508 sceleris
705 1440 900 1525 instinctor,
930 1441 971 1509 ad
993 1440 1083 1530 quod
1109 1437 1271 1506 facillime

194 1541 237 1607 ab
256 1541 422 1612 eiusmodi
442 1550 520 1612 voto
549 1545 728 1612 transitur.
778 1541 847 1612 Sed
872 1549 1008 1614 sceleris
1029 1543 1191 1631 cogitatio
1220 1539 1272 1606 in-

194 1653 323 1712 certum
345 1667 387 1712 an
409 1667 548 1737 repens:
570 1647 685 1714 studia
708 1647 852 1716 militum
875 1652 940 1718 iam
963 1647 1090 1738 pridem
1111 1669 1173 1734 spe
1194 1667 1272 1712 suc-

193 1749 357 1818 cessionis
387 1759 447 1817 aut
472 1757 596 1840 paratu
626 1751 786 1820 facinoris
813 1751 1044 1846 affectaverat,
1075 1751 1110 1817 in
1137 1750 1272 1830 itinere,

193 1854 229 1919 in
251 1855 401 1940 agmine,
429 1853 464 1920 in
486 1855 689 1922 stationibus
713 1855 975 1922 vetustissimum
997 1875 1162 1943 quemque
1184 1853 1271 1920 mili-

193 1963 264 2022 tum
294 1957 425 2024 nomine
454 1979 596 2036 vocans,
625 1979 664 2024 ao
694 1957 853 2026 momoria
881 1957 1065 2025 Neroniani
1092 1958 1271 2024 comitatus

193 2061 451 2130 contubernales
473 2060 692 2150 appellando,
712 2063 798 2128 ulios
820 2081 1011 2146 agnoscere,
1032 2059 1194 2148 quosdam
1218 2081 1272 2128 ra·

192 2165 344 2253 quincue,
376 2177 411 2234 et
439 2167 580 2255 pecunia
602 2177 662 2231 aut
688 2167 798 2252 gratia
827 2165 962 2242 iuvare,
991 2165 1169 2250 inserendo
1197 2185 1272 2232 aaa

193 2268 271 2358 pius
292 2271 447 2358 querelae
469 2277 505 2336 st
525 2267 698 2354 ambiguos
723 2267 764 2334 de
787 2266 895 2334 Galba
918 2289 1099 2350 sermones,
1119 2289 1273 2356 quaeque

193 2373 260 2440 alia
279 2371 492 2440 turbamenta
512 2372 614 2457 volgi.
664 2370 814 2438 Labores
844 2369 1023 2452 itinerum,
1048 2371 1162 2461 inopia
1182 2395 1272 2444 coru-

193 2484 383 2558 msetuum,
408 2475 534 2544 duritia
562 2476 696 2565 imperii
723 2473 870 2540 atrocius
899 2475 1167 2564 accipiebantur,
1196 2499 1273 2544 oum

192 2579 396 2670 Campaniae
416 2582 512 2646 lacus
533 2588 569 2647 et
592 2579 741 2648 Achaiae
764 2577 865 2644 urbes
887 2578 1053 2644 classibus
1077 2579 1171 2646 adire
1191 2581 1275 2646 eoli-

192 2685 223 2752 ti
244 2683 453 2774 brenacum
482 2692 518 2750 et
539 2686 651 2772 Alpes
673 2689 709 2747 et
737 2683 898 2748 immensa
922 2684 1049 2748 viarum
1082 2682 1194 2769 spatia
1217 2705 1274 2750 ac·

193 2809 253 2875 gre
275 2787 340 2856 sub
362 2786 467 2854 armis
488 2787 707 2856 eniterentur.
758 2787 815 2854 24.
835 2783 1074 2870 Flagrantibus
1099 2787 1161 2851 iarn
1186 2788 1275 2854 mili-

192 2898 263 2962 tum
292 2891 415 2960 animis
442 2889 536 2956 velut
563 2889 654 2958 iaces
682 2885 858 2957 addiderat
887 2887 1039 2956 Maevius
1066 2885 1219 2972 Pudens,
1254 2913 1274 2956 e

243 3081 382 3138 credendi
397 3083 537 3150 Picbenaa
561 3083 643 3136 credi
659 3083 736 3136 MSS.

244 3221 445 3283 Ptolemaeos]
468 3223 548 3273 iiune
564 3223 714 3275 Seleucum
756 3219 845 3271 sionis
864 3217 994 3270 emmine:
1022 3218 1273 3286 „euicerupeniae

195 3291 320 3348 nominat
337 3293 415 3341 Suet.
436 3291 499 3344 uta.
517 3291 544 3344 4.
559 3296 588 3342 et
603 3296 631 3342 6.
672 3295 713 3344 Eo
756 3291 836 3342 lacus
850 3293 879 3339 et
890 3289 1013 3341 Achaiae
1033 3291 1117 3339 urbes
1135 3287 1273 3342 classibus

196 3367 288 3412 autern
306 3361 416 3410 nomine
430 3361 541 3411 'l'eeitue
556 3361 713 3424 Vespasia·
757 3360 836 3410 adire
850 3357 1178 3423 solebant,praetortoni
1191 3361 1274 3408 erent

196 3432 226 3483 nl
251 3431 474 3481 mathematicum
502 3433 652 3481 introducit
680 3433 714 3480 ii.
757 3429 877 3489 militena
894 3427 937 3477 iiii
951 3429 987 3476 ed
1001 3439 1070 3488 quoe
1084 3429 1274 3480 0tiiooratio-

197 3501 235 3570 11,
248 3501 292 3552 78.
329 3503 399 3550 Uter
412 3501 555 3550 erraverit
576 3502 605 3550 in
620 3501 714 3551 incer·
757 3513 819 3549 nem
837 3497 945 3560 babuit,
964 3499 1046 3546 arant
1063 3498 1215 3559 Hispaniae
1232 3498 1276 3548 le·

197 3573 226 3623 to
240 3575 298 3634 eet,
316 3569 714 3622 oomuaeitoiacitriotarcu.
757 3568 898 3635 plenarii,
929 3567 958 3616 in
982 3567 1115 3616 montium
1143 3567 1275 3631 transitu,

198 3642 298 3694 Galba.
758 3638 805 3701 qui
825 3635 930 3686 Neroni
955 3636 984 3686 in
1004 3638 1140 3686 Acbaiam
1159 3637 1275 3686 comites

248 3723 280 3774 c,
295 3725 338 3774 23,
372 3721 543 3783 mmm]
568 3723 639 3773 Dum
659 3723 714 3772 pt„
758 3719 822 3757 esso
837 3703 1087 3768 nonpotoerant.“
1121 3707 1275 3758 flavinius.

198 3793 321 3852 lanium
337 3792 368 3843 tn
382 3793 511 3860 apmtm,
535 3794 597 3842 dum
615 3794 713 3842 amba.
757 3776 951 3858 Ergoifacitus
961 3777 1033 3825 buna
1046 3775 1172 3838 malaque
1186 3775 1274 3856 utris·

198 3863 274 3928 ient,
301 3861 450 3912 exercendi
472 3873 567 3912 cauea.
608 3864 713 3926 synon·
758 3859 811 3908 ‘1¹¹0
823 3847 929 3906 inbuite
939 3859 999 3894 ⁰¹¹¹ss
1013 3847 1105 3894 limen
1118 3846 1275 3894 aliermo-

198 3932 261 3982 ωε.
277 3933 307 3981 Τ.
321 3931 371 3982 lv.
385 3931 462 3994 μεθ.
757 3917 801 3982 la,
820 3915 904 3965 alteri
920 3917 992 3966 buna
1005 3915 1114 3978 experti
1127 3917 1231 3963 essent.

245 4013 313 4052 oum
332 3999 623 4062 consonantem]
656 3999 713 4049 Ne·
808 3998 891 4052 cad.
917 4002 997 4052 estut
1013 4001 1093 4066 faces
1106 3999 1276 4057 addiderat]

196 4077 267 4130 queo
288 4070 412 4122 'tacitum
437 4079 558 4135 purgare
576 4079 596 4120 o
614 4069 714 4122 coniu-
760 4071 797 4122 Ut
810 4069 869 4122 Gir.
881 4071 959 4124 orat.
978 4070 1015 4136 ii,
1028 4070 1073 4139 51,
1087 4069 1148 4122 205.
1175 4069 1277 4134 Nepae
