2854 4798
419 263 521 334 blB.
543 261 590 333 ll.
631 259 752 334 GAP.
774 265 930 336 31-33.
1157 265 1222 338 tet

150 443 266 522 ratus,
292 459 359 528 qua
380 461 475 508 uerno
497 440 557 506 illa
577 444 777 526 tempestate
797 435 955 504 militaria
985 438 1037 506 rai
1064 438 1269 513 eallidloret.

150 543 355 628 habebatur,
385 543 428 612 de
449 551 522 614 toto
545 565 665 632 geusae
687 545 769 610 belli
790 564 946 624 eausere,
973 543 1221 618 festinationem

152 647 326 732 hostibus,
348 673 472 718 moram
492 652 578 738 ipsis
599 649 717 716 utilem
740 645 914 716 disseruit.
956 649 1011 718 32.
1038 650 1221 716 exereitum

152 749 289 822 Vitellii
310 755 501 823 uuiversum
524 753 709 832 advenisse,
731 773 791 820 uso
813 754 953 820 multum
970 753 1088 822 virium
1110 777 1130 820 a
1152 761 1223 822 ter·

151 879 213 942 go,
235 861 390 946 quoniam
413 858 547 926 Galliae
565 863 731 936 tumeant,
751 864 787 924 et
807 855 1092 926 desererelibeui
1111 858 1221 944 ripam

151 963 335 1053 irrupturis
358 975 426 1032 tam
448 961 582 1028 iulestis
603 961 797 1030 uatiouibue
823 983 888 1028 uou
915 961 1091 1032 seuduuat.
1142 959 1222 1030 Bri·

152 1067 320 1134 tauuieum
345 1067 486 1137 militem
520 1067 617 1132 busto
644 1073 680 1130 et
715 1063 801 1130 mari
827 1063 1001 1150 distineria
1036 1063 1222 1156 Hispanias

7 1191 9 1198 ·
154 1171 258 1236 armis
278 1193 343 1237 uou
365 1171 414 1239 ita
440 1167 647 1252 redundare3
671 1167 874 1258 proviueiam
897 1165 1150 1238 Narbonensem
1169 1169 1222 1238 iu·

152 1295 255 1340 uursu
276 1272 398 1340 elassis
420 1279 456 1341 ot
477 1272 616 1340 adverso
639 1273 767 1360 praelio
790 1277 1051 1358 ouutrsmuisser
1070 1275 1219 1342 olausam

6 1399 8 1408 ’
151 1375 302 1465 Alpibus
323 1381 360 1442 et
379 1377 474 1442 uullo
497 1377 601 1444 maris
622 1375 777 1444 subsidio
797 1376 1056 1464 transpadanam
1074 1377 1220 1462 ltaliam,

152 1487 254 1568 atque
277 1481 352 1569 ipso
373 1479 520 1547 transitu
549 1481 717 1548 exereitus
743 1487 891 1564 vastaua3
922 1477 1219 1550 uou‘·lrumeutum

152 1605 293 1672 usquam
320 1584 498 1668 exereitui,
532 1605 592 1650 usu
621 1583 804 1652 exereitum
841 1584 914 1652 siue
941 1586 1047 1678 uopiis
1080 1587 1220 1656 retiueri

30 1729 33 1736 -
150 1709 264 1778 posse.
312 1689 379 1756 iam
405 1685 607 1769 Germanos,
636 1685 728 1776 quod
748 1707 853 1776 geues
879 1689 1020 1758 militum
1044 1689 1133 1780 apud
1160 1691 1220 1760 bo·

151 1799 223 1861 stes
245 1783 489 1860 a'trooieeimum
518 1789 584 1872 ait,
614 1797 724 1858 trauto
754 1791 789 1858 iu
813 1797 974 1858 aestatem
1002 1793 1092 1862 bello
1120 1796 1219 1868 fluxis

151 1896 350 1986 torporibus
374 1895 588 1964 mutationem
617 1897 683 1963 soli
704 1894 855 1982 uaelique
882 1893 972 1961 baud
1002 1899 1219 1973 toleraturos.

150 2001 257 2066 multa
277 2001 367 2069 bella
388 2003 515 2092 impetu
532 1998 642 2070 valida
665 2023 727 2088 per
747 1997 860 2068 taedia
879 2005 915 2065 et
936 2021 1048 2068 moras
1067 2007 1220 2073 evanuis-

148 2125 200 2173 se.
243 2111 361 2172 eontra
389 2105 475 2193 ipsis
504 2105 614 2172 omuia
637 2105 795 2194 opulenta
822 2109 859 2169 at
887 2101 972 2185 lida,
1004 2101 1220 2194 Papuouiaru,

148 2207 329 2288 Moesiam,
359 2209 582 2287 Delmatiam,
604 2207 776 2275 Orientem
800 2227 874 2274 euru
902 2207 1042 2293 integris
1065 2212 1221 2281 exerciti·

2 2312 5 2331 ¹
149 2310 233 2392 bus,
263 2309 396 2378 ltaliam
424 2318 461 2378 et
489 2317 592 2402 eaput
620 2333 732 2378 rarum
763 2308 900 2392 urbem,
937 2318 1155 2402 senatumque
1184 2322 1220 2384 et

148 2413 329 2502 populum,
350 2435 517 2502 uunquam
541 2413 684 2482 obseura
709 2413 860 2498 uomina,
883 2413 1015 2481 etiamsi
1039 2417 1220 2506 aliquando

149 2517 410 2602 obumbreutur3
443 2517 595 2606 publioas
617 2519 834 2608 privataeque
856 2539 937 2607 opes
960 2525 996 2585 et
1024 2520 1218 2592 immensam

149 2621 342 2710 pamniam,
378 2611 467 2686 iuter
506 2621 623 2689 oivilae
659 2619 850 2692 discordias
885 2622 977 2690 ferro
1006 2625 1220 2714 validiorem

150 2745 293 2814 corpora
317 2723 461 2790 militum
484 2731 543 2792 aut
572 2723 693 2792 ltaliae
714 2731 811 2790 sueta
833 2731 892 2790 aut
913 2727 1076 2801 aestibus.
1125 2731 1220 2798 obia-

150 2849 226 2896 oare
248 2827 368 2894 dumeu
388 2824 529 2912 Padum,
551 2833 643 2896 tutes
667 2827 749 2896 airis
770 2829 938 2916 murisque
961 2829 1083 2910 urbes,
1103 2855 1122 2900 e
1144 2833 1219 2921 qui-

147 2933 213 2999 bus
234 2931 359 2998 nubam
380 2931 472 2998 bosti
492 2953 661 2999 oessuram
682 2931 873 3000 Placentiae
894 2929 1084 3001 defensioue
1104 2939 1219 3026 explo-

147 3042 272 3105 ratum.
314 3035 454 3124 proiude
483 3033 633 3104 clarueratl
649 3037 787 3106 bobum.
828 3037 945 3123 pauois
975 3033 1094 3106 diebus
1116 3063 1219 3128 quar-

148 3147 216 3206 taru
240 3137 410 3206 decumam
432 3138 612 3227 legionem,
633 3161 750 3226 magua
772 3139 879 3228 ipsam
900 3139 1008 3220 fama,
1029 3163 1104 3210 auru
1125 3145 1219 3214 bloe-

147 3242 251 3309 siaeie
283 3245 390 3330 oopiis
416 3244 536 3311 affore:
566 3251 636 3310 tum
666 3265 785 3309 rursus
814 3239 1095 3330 deliberaturum,
1122 3256 1158 3318 st
1186 3249 1218 3318 si

148 3347 310 3436 praelium
332 3349 536 3436 plaeuiseet,
560 3345 668 3413 auetis
689 3344 817 3413 viribus
836 3351 1037 3418 uertatures.
1065 3353 1121 3420 33.
1144 3353 1218 3422 Ao·

215 3509 247 3564 G.
265 3513 308 3564 3².
343 3511 457 3568 eruant
472 3513 624 3566 Brotariue.
660 3512 698 3562 st
714 3511 777 3563 ΜΒ.
795 3511 898 3580 etiam,
917 3513 979 3564 edd.
995 3515 1059 3568 etei.

199 3627 270 3691 pas]
289 3627 507 3692 rrouaateaaa,
524 3629 662 3695 quonlam,
755 3624 891 3680 obesant
909 3629 1011 3694 dupliol
1034 3643 1118 3682 muru
1139 3633 1217 3685 eool-
1341 3658 1343 3669 ι

148 3697 180 3745 ut
193 3697 264 3746 Anu.
279 3695 332 3762 Vl,
346 3697 389 3748 10.
410 3697 532 3758 XVM.
554 3699 645 3750 Duru.
704 3696 846 3760 piendum:
869 3697 952 3752 toste
972 3701 1117 3770 oeouparl,
1140 3703 1218 3756 murt

199 3763 230 3815 G.
243 3765 286 3820 8².
303 3766 445 3826 tumeant]
459 3767 588 3830 Elegautl
603 3779 661 3817 rue-
704 3765 811 3830 diriml3
829 3769 860 3816 ut
872 3767 969 3820 iuuerit
981 3768 1004 3835 l,
1017 3769 1060 3822 67.

149 3834 268 3894 eapuors
287 3833 320 3886 te
333 3847 365 3885 re
378 3845 449 3898 quse
466 3839 598 3898 eruptura
616 3837 661 3884 vt·
757 3837 811 3887 aar
825 3836 928 3888 ltaliae
948 3873 957 3890 .
978 3872 986 3887 .
1004 3839 1058 3889 urst
1076 3839 1215 3902 eertum]

147 3902 239 3953 detur.
267 3899 324 3954 cle.
344 3905 401 3954 stt
424 3903 503 3968 xlv,
523 3901 551 3971 4,
573 3903 598 3955 5.
637 3905 661 3954 F.
704 3904 809 3955 Partim
825 3905 879 3968 ipsi
902 3905 1016 3970 ltaliae,
1040 3907 1140 3970 pertin
1156 3907 1216 3960 tar-

146 3969 226 4020 qus.
255 3969 328 4022 Vide
353 3972 524 4036 potissimum
548 3973 658 4024 ltuuuk.
702 3973 804 4025 altiori
830 3974 913 4025 etlam
932 3975 1011 4026 ouelo
1030 3977 1153 4044 assueti,
1184 3981 1216 4028 ut

146 4037 177 4088 iu
191 4039 292 4090 Vallal·
305 4039 343 4104 ll,
357 4039 398 4092 15.
424 4045 453 4092 et
472 4043 616 4096 Sobwers.
630 4043 659 4094 iu
701 4042 844 4096 Nuutesa.
868 4041 945 4096 orvs
956 4035 988 4096 ‘ir
1003 4038 1051 4098 daei
1065 4039 1142 4100 dreia
1154 4049 1216 4100 ata-

147 4107 234 4160 l’liull
248 4109 351 4176 Paueg.
367 4123 394 4176 p.
404 4111 447 4162 92.
702 4116 776 4164 tuae.
