2874 4802
263 255 332 328 aaa
588 245 990 322 maronrunuu
1109 217 1115 236 '

220 426 360 497 oalolio
392 423 532 494 Plaeido
565 426 700 492 tribuno
730 423 876 492 oobortir
913 415 1133 507 protrahitur.
1192 407 1346 477 Vinotoe

273 551 358 621 pone
388 537 517 614 tongum
547 549 681 608 mannas
707 529 833 594 laniate
862 532 973 603 reato,
997 517 1130 586 foedum
1158 521 1348 603 spartanu-

274 637 361 714 lum,
382 630 715 713 duoabatur,·multia
736 626 1001 717 increpantibus,
1021 623 1114 688 nullo
1134 617 1349 684 illacriman-

277 744 328 803 ta:
349 733 545 801 deformitas
568 733 677 798 exitur
698 727 957 798 mirericordiam
980 723 1179 792 abstulerat.
1222 717 1348 786 obviue

278 836 519 905 eGarmonioie
538 834 702 901 militibus
717 834 893 902 Vitellium
915 831 1037 896 infesto
1058 825 1139 900 ictu,
1161 841 1224 910 per
1246 822 1350 898 irum,

277 943 332 1010 vel
355 961 420 1028 quo
449 937 612 1006 maturina
639 935 786 1004 ludibrio
813 935 988 1012 eximeret,
1016 953 1059 997 on
1084 925 1258 994 tribunum
1290 944 1350 1011 ap

280 1043 432 1132 potierit,
459 1043 495 1108 iu
521 1039 648 1106 incerto
674 1040 760 1107 luit:
789 1058 901 1105 auram
931 1033 1058 1101 tribuni
1086 1029 1277 1120 amputavit
1313 1047 1351 1090 ao

281 1145 396 1211 atatim
417 1144 590 1210 oonloeeua
620 1149 685 1210 aet.
734 1143 790 1214 85.
818 1139 992 1208 Vitellium
1021 1133 1154 1201 inlaetia
1178 1129 1351 1196 murroni-

281 1246 345 1312 bne
377 1254 526 1312 ooaotum
555 1243 652 1310 modo
679 1244 809 1328 erigere
836 1264 875 1310 oe
908 1249 944 1306 ot
972 1237 1092 1305 offerre
1119 1231 1352 1306 contumellie,

283 1367 367 1416 nouo
385 1343 540 1412 oodontoe
561 1355 691 1413 etotuae
708 1367 810 1426 aona,
832 1345 1026 1433 plerumque
1047 1346 1160 1407 roetra
1181 1343 1242 1402 aut
1263 1333 1351 1400 Gul-
1373 1384 1376 1456 l

284 1449 346 1514 beo
367 1447 469 1514 oooiai
489 1449 597 1514 looum
618 1448 786 1529 oontuari,
813 1457 982 1536 puatramo
1004 1443 1048 1510 ad
1071 1439 1267 1518 Gemonias,
1291 1435 1352 1500 ubi
1376 1462 1377 1528 p

285 1571 407 1638 eorpus
426 1549 534 1616 Flavii
556 1549 671 1620 Sabini
691 1550 850 1630 iaouorot,
869 1547 1057 1638 propulere.
1098 1541 1175 1612 Una
1197 1561 1261 1608 vox
1283 1559 1352 1602 nor
1377 1538 1379 1680 p

287 1651 460 1736 degeneris
488 1651 589 1717 animi
617 1661 770 1739 arrepto,
804 1671 877 1716 oum
910 1651 1045 1718 tribuno
1079 1641 1275 1720 insultanti,
1317 1661 1380 1742 sep

287 1766 397 1820 tamon
425 1753 657 1839 imperatorem
685 1755 758 1820 aine
786 1754 892 1820 luiaao
925 1747 1110 1837 reapondit.
1164 1768 1202 1812 eo
1229 1740 1381 1834 doinda'p

289 1855 428 1940 ingentia
447 1855 636 1921 volneribus
657 1853 811 1923 oonoidit.
853 1863 889 1924 at
910 1856 1027 1942 volgus
1048 1851 1162 1919 aedem
1183 1847 1355 1938 pravitate
1380 1843 1383 1982 p

154 2018 156 2034 ,
290 1957 516 2026 innectebatur
544 1957 770 2038 lutulentum,
807 1979 872 2045 qne
906 1959 1036 2023 foverat
1064 1955 1240 2023 viventem.
1297 1949 1384 2044 sup

291 2059 409 2132 Patrio
436 2060 489 2126 illi
514 2057 669 2130 Luoaria.
718 2061 894 2147 aoptinmm
917 2067 952 2124 at
967 2055 1276 2147 qoinquagesimum
1300 2073 1356 2116 aa·
1383 2045 1385 2106 i

294 2164 376 2232 tatis
397 2179 515 2228 annum
538 2161 701 2248 explebat.
749 2163 975 2243 ooneulatnm,
991 2160 1209 2240 ,eaeeralotia,
1234 2177 1357 2222 nomen
1385 2148 1386 2168 ¹

294 2269 468 2353 looumqoo
493 2265 582 2330 intor
602 2263 764 2352 primoraa
785 2263 877 2330 nullo
896 2285 959 2332 oua
978 2257 1163 2348 industria,
1191 2259 1253 2328 ead
1275 2281 1358 2325 ouu-

297 2377 352 2435 oto
381 2367 488 2456 petris
513 2363 713 2431 olaritudioe
742 2363 896 2452 adoptua.
946 2366 1168 2455 principatum
1197 2363 1230 2430 ei
1259 2361 1360 2428 detn-

297 2473 368 2538 lere
388 2470 446 2558 qui
464 2467 573 2556 iprum
595 2467 663 2532 non
680 2475 848 2536 novoront.
869 2465 981 2534 studia
1001 2469 1166 2534 anoroitue
1188 2487 1267 2533 raro
1289 2467 1362 2532 oui-

298 2595 396 2663 quom
418 2571 514 2637 bunio
536 2569 666 2635 artibus
687 2569 836 2656 quaesita
859 2567 995 2659 perinde
1016 2569 1139 2636 affuere
1160 2590 1258 2656 quam
1282 2568 1363 2634 boio

299 2697 360 2766 par
378 2672 553 2760 ignaviam.
597 2669 709 2737 luerat
736 2679 845 2737 tamen
867 2671 1063 2761 aimplioitaa
1086 2695 1124 2738 ao
1151 2671 1365 2750 liberalitao;

300 2800 403 2868 quoa,
425 2775 459 2841 ni
481 2775 566 2840 aaait
588 2771 721 2854 mulne,
743 2773 778 2840 in
800 2773 936 2840 exitium
958 2783 1145 2843 vertuntur.
1194 2773 1366 2841 amicitiae

253 2949 256 2956 ,
302 2879 379 2946 (lum
403 2875 627 2964 magnitudine
648 2897 831 2958 munerum,
852 2897 916 2944 non
930 2876 1115 2944 oonatantie
1134 2899 1261 2944 morum
1285 2899 1367 2944 oon-

302 2983 408 3048 tinaro
430 2987 546 3068 putat,
569 2977 690 3045 monuit
710 2979 815 3066 mogia
837 3001 934 3068 quam
955 2980 1082 3049 hebuit.
1132 2981 1182 3046 rei
1207 2979 1368 3067 publicae

354 3185 460 3306 emti.
494 3188 593 3252 patrio
609 3185 652 3239 illi
668 3187 790 3240 Lacerta
808 3186 962 3239 Oberltnue.
986 3189 1023 3238 At
1040 3187 1116 3238 MSS.
1133 3185 1287 3252 petrono
1306 3189 1372 3242 lau-

336 3267 353 3306 c
444 3285 452 3303 .

359 3418 389 3470 G.
403 3417 446 3473 85.
473 3422 588 3480 roatro]
609 3420 650 3470 lbi
663 3419 732 3472 enlm
745 3433 814 3484 pan·
857 3421 921 3485 quio
931 3423 1039 3474 bonltaa
1051 3423 1121 3488 nola,
1136 3421 1162 3472 et
1173 3422 1250 3472 leret
1260 3433 1374 3472 morum

310 3487 351 3538 cla
371 3491 435 3538 ante
448 3489 542 3538 diebus
563 3489 688 3552 prinoepe
703 3492 814 3543 nouato-
856 3494 1029 3558 coustumia,
1046 3495 1175 3554 tunquam
1188 3503 1222 3540 ex
1241 3490 1374 3540 imbecil-

310 3559 391 3607 natna
407 3561 483 3607 erat:
500 3558 556 3607 vlu.
576 3569 599 3607 c.
611 3559 654 3610 68.
669 3559 712 3610 70.
856 3561 936 3610 litate
953 3561 1038 3611 animi
1063 3561 1188 3623 protenta
1209 3559 1280 3608 rieul
1306 3561 1374 3620 ple-

360 3625 448 3677 usu
480 3623 599 3691 mourut]
620 3628 653 3676 ll.
675 3640 699 3676 e.
719 3627 816 3692 dignor
857 3641 970 3692 rumque
998 3632 1027 3679 rt
1057 3629 1222 3692 contemptui
1247 3629 1376 3678 obnoxio

312 3699 373 3744 erat
384 3693 550 3745 fidelioribus
563 3696 659 3745 amiota
672 3707 751 3758 quarn
764 3709 815 3746 na·
858 3699 909 3747 eat.
941 3699 1014 3760 Ergo
1033 3711 1101 3760 quoe
1119 3699 1173 3748 elbl
1194 3697 1377 3761 obligaverat

224 3811 227 3822 ,
311 3765 372 3811 ntur
386 3765 414 3811 et
427 3767 557 3826 expertus
573 3769 624 3814 eet.
657 3765 724 3814 Num
738 3766 816 3815 boni·
858 3765 996 3822 beneflciis
1017 3766 1165 3829 fldaleeoue
1183 3766 1210 3814 el
1233 3777 1298 3816 oeae
1318 3779 1377 3828 pur

310 3832 354 3879 tae
374 3832 473 3898 aulml,
498 3835 615 3895 quaein
632 3833 817 3884 munificentia
858 3837 933 3896 arat,
961 3839 1051 3886 nmen
1077 3848 1132 3887 non
1156 3837 1237 3884 erant
1261 3834 1376 3885 fideles.

309 3899 447 3964 cernitur,
465 3901 547 3965 digne
562 3901 668 3964 quidam
688 3905 731 3952 ast
745 3915 816 3965 quae
859 3904 890 3954 ln
910 3903 968 3955 ulta
994 3904 1085 3958 omnia
1110 3904 1252 3955 dteoatunt
1278 3905 1379 3956 lntar-

308 3968 411 4020 onlooe
432 3969 533 4038 saciat,
554 3983 608 4022 non
628 3970 696 4023 toolt
715 3973 814 4036 tamen,
857 3975 959 4035 pratee.
