2854 4798
404 249 510 324 ιιι.
530 250 560 324 ι.
605 249 904 325 cerno-eu
957 197 961 208 ’
1151 253 1197 321 cs

104 429 282 498 volnerum
311 425 493 517 oheumpti.
540 423 727 516 Postquam
753 426 790 495 id
817 425 943 495 Romae
970 425 1239 514 compertumoo.

103 534 246 601 Morcus
275 531 434 620 Aponius
463 530 624 598 Moesiam
653 529 806 598 chtiueus
836 527 1033 614 triumphali
1062 531 1189 606 stetur,

105 637 254 704 Fulvius
276 633 442 701 Aurelius
472 641 507 700 et
533 632 686 701 lulianus
708 631 827 700 Titius
857 653 896 698 oo
919 628 1097 698 Numisios
1118 627 1188 696 Lu-

100 761 174 828 pus
194 737 301 824 legati
328 738 495 824 legionum
524 737 760 804 consularibus
783 733 987 804 ornamentis
1010 732 1188 814 donentur,

100 845 198 910 laeto
214 841 349 908 Othone
372 848 408 908 et
428 841 569 926 gloriam
590 842 624 908 iu
640 863 677 908 se
694 841 866 921 trahente,
888 847 1046 926 tanqum
1062 843 1097 904 et
1111 836 1187 926 lpse

100 946 187 1012 lelix
208 943 301 1010 hello
322 949 357 1010 et
380 945 452 1010 suie
474 942 616 1010 ducihus
638 943 778 1031 suisque
799 942 1005 1010 exercitibus
1028 963 1100 1014 rent
1123 961 1185 1030 pu-

99 1049 227 1116 hlicem
253 1048 415 1117 suxisset.

206 1151 264 1222 8⁰.
313 1149 424 1218 l’orvo
452 1148 588 1215 iuterim
620 1148 739 1234 initio,
766 1149 855 1218 uude
877 1147 962 1216 nihil
991 1145 1185 1230 timebatur,

100 1261 182 1322 orte
204 1252 329 1322 seditio
352 1273 457 1342 prope
478 1251 555 1318 orhi
583 1251 712 1320 excidio
738 1253 816 1324 luit.
866 1252 1062 1341 Septumsm
1083 1248 1184 1317 decu-

100 1379 192 1425 msm
215 1357 386 1424 cohortem
407 1377 427 1423 e
446 1357 577 1424 colonie
595 1355 751 1424 Ostiensi
772 1356 807 1423 iu
829 1357 946 1423 urbem
969 1353 1072 1422 oociri
1090 1353 1183 1421 Otho

98 1461 271 1543 iusseret3
299 1459 477 1528 armandos
499 1459 572 1526 eius
595 1480 676 1525 cure
699 1458 805 1527 Vorio
827 1459 984 1550 Crispino
1007 1457 1183 1526 tribunos

102 1563 330 1650 praetorianis
353 1565 445 1633 dete.
489 1563 519 1630 is
542 1585 609 1651 quo
635 1565 741 1651 tnagis
764 1585 888 1632 vacuus
911 1563 1036 1652 quietis
1059 1560 1182 1630 cestrie

100 1667 199 1734 insse
230 1677 487 1756 exsequeretur,
523 1668 674 1734 vehiculo
703 1667 850 1736 cohortis
876 1667 1057 1758 incipiente
1084 1673 1181 1733 nocte

100 1770 238 1838 onerari
266 1781 384 1858 aperto
409 1771 665 1839 armamentorio
687 1771 793 1840 iuhet.
841 1767 992 1857 Tempus
1013 1773 1049 1838 in
1068 1769 1180 1858 suspi-

99 1875 254 1953 cionem,
284 1894 385 1942 ceuee
413 1874 449 1940 in
470 1871 613 1960 crimen,
643 1874 812 1942 affectatio
840 1873 965 1960 quietis
992 1873 1028 1941 in
1056 1875 1180 1941 tumul-

100 1987 179 2044 tum
201 1975 344 2060 evaluit3
381 1981 417 2041 et
438 1975 510 2042 viso
533 1974 624 2043 inter
644 1979 847 2046 temulentos
868 1998 962 2044 nrmo
989 1977 1178 2069 cupidinem

99 2081 157 2151 cui
179 2101 324 2148 novere.
364 2077 495 2145 Fremit
520 2083 636 2165 miles,
665 2093 701 2148 et
721 2082 874 2150 trihuuos
901 2083 1178 2171 centurionesque

97 2183 304 2275 proditionis
325 2183 454 2269 arguit,
475 2189 632 2271 torquem
655 2185 804 2254 lemiline
824 2191 1016 2252 senatorum
1036 2185 1079 2252 ed
1101 2207 1177 2276 por-

96 2289 221 2358 uiciem
245 2286 390 2354 Othonis
414 2294 643 2370 eruerentur,
665 2311 745 2378 pers
766 2290 876 2378 igneri
898 2295 934 2354 et
950 2291 1027 2358 vino
1047 2309 1178 2376 graves,

96 2393 270 2484 pessimus
291 2389 437 2478 quisque
458 2388 493 2454 in
514 2391 720 2458 occasionem
746 2391 966 2482 praedarum,
987 2395 1118 2479 volgus,
1138 2399 1178 2460 ut

96 2519 174 2564 suos
196 2501 268 2575 est,
299 2495 528 2580 cuiuscunque
552 2501 663 2561 motus
693 2499 770 2565 novi
799 2494 968 2585 cupidum.
1018 2505 1054 2564 et
1080 2497 1176 2566 ohse-

95 2601 180 2692 quio
208 2601 383 2666 meliorum
411 2617 475 2663 uox
504 2595 705 2670 uhstulernt.
761 2597 988 2668 Resistentem
1017 2599 1177 2672 seditioni

95 2705 273 2772 tribunum
294 2712 330 2768 et
351 2700 583 2768 severissimos
604 2703 835 2770 centurionum
859 2705 1072 2774 obtruncant.
1121 2729 1176 2775 re·

94 2817 158 2898 pto
181 2828 291 2888 ιιιιιι,
311 2803 428 2872 nodoti
447 2803 566 2892 gladii.
596 2803 781 2874 insidentes
803 2805 899 2896 equis
922 2807 1038 2876 urbem
1062 2833 1100 2876 eo
1116 2835 1174 2902 po-

94 2911 217 2979 lntium
239 2917 370 2999 petunt.
412 2911 468 2980 81.
490 2905 575 2975 Erat
594 2907 722 2976 Othoni
744 2911 876 2978 celebre
897 2910 1082 2980 convivium
1105 2917 1176 3004 pri.

95 3012 249 3082 moribus
270 3013 403 3080 leminis
425 3011 591 3099 virisque3
612 3011 670 3100 qui
693 3011 836 3104 trepidi,
857 3013 1064 3082 fortuitusne
1085 3021 1175 3088 mili·

94 3126 170 3186 tum
193 3117 288 3183 luror
307 3139 348 3185 en
369 3113 468 3184 dolus
490 3115 724 3203 imperatoris,
755 3137 889 3184 monere
910 3138 949 3183 oc
972 3117 1176 3209 deprehendi

95 3246 141 3290 ιιι
163 3223 279 3308 lugere
300 3230 335 3288 et
356 3219 506 3309 dispergi
525 3219 748 3309 periculosius
770 3221 879 3302 toret,
901 3217 1000 3287 modo
1020 3235 1175 3296 constan·

94 3328 180 3396 tium
202 3326 380 3408 simulare,
415 3323 512 3393 modo
532 3320 711 3390 formidine
735 3319 868 3409 detegi,
903 3323 1006 3392 simul
1028 3327 1174 3402 Othonis

148 3533 181 3587 c.
195 3533 241 3587 0⁰.
273 3537 350 3588 onds
364 3547 434 3587 csve
447 3535 483 3586 sd
499 3533 616 3586 insitione
709 3533 856 3602 familiae]
872 3533 1004 3599 servitte.

96 3605 219 3657 reterns.
254 3606 324 3658 orte
344 3607 444 3657 reditio
465 3607 509 3655 eet
530 3605 564 3656 ad
577 3605 616 3655 tte

93 3675 247 3742 portthne,
264 3677 336 3726 unde
353 3675 423 3726 nihil
441 3674 509 3726 meli
524 3673 614 3724 lmmi·
709 3669 862 3734 obsequio.
879 3708 886 3721 .
903 3673 1085 3738 ιὸιΙιιΙιΜῑ]
1112 3679 1174 3732 Nox

95 3757 167 3798 uere
179 3745 335 3810 rideretur,
353 3747 388 3796 ab
401 3743 615 3808 tpelsOthonts-
658 3741 837 3805 prohibuerat
849 3744 993 3806 quominus
1011 3747 1174 3800 meliorest

95 3827 196 3866 norun
215 3813 373 3880 fidleetmts,
391 3825 410 3864 e
428 3813 615 3877 proetorleuts
658 3811 779 3873 pessimo
792 3823 900 3875 quoque
914 3819 1128 3879 mgregerentnr
1145 3822 1174 3870 ct

96 3887 163 3935 orto
177 3882 287 3934 seditio.
659 3879 796 3943 imperate
811 3882 945 3934 tecerent
963 3883 1089 3936 horror.
1193 3893 1200 3906 ·

147 3963 233 4005 orreo
247 3949 409 4016 meptdtncm
423 3950 491 4011 cut]
513 3949 616 4014 ltcept-

96 4017 455 4089 cronou.ouXV1,ret.
470 4013 617 4088 cdsdrydp
711 4016 743 4072 G.
756 4017 800 4072 et.
841 4017 952 4088 dotent,
978 4021 1043 4076 scil.
1059 4019 1176 4076 simule·

98 4085 245 4159 lotium
259 4081 346 4158 ἄνδρα
364 4083 480 4158 otdnpes·
660 4089 739 4141 tores
753 4089 937 4142 toneteutltc.
