2846 4794
243 253 308 319 aaa
575 251 979 324 nrsronrnnun
1103 349 1107 360 ι

192 425 363 504 canariis,
391 429 430 491 ut
451 433 530 491 suut
551 425 716 494 hominum
744 427 893 512 ingenis,
921 425 1129 494 sermonibus
1152 425 1310 496 maslera-

241 533 364 597 tioncm
386 527 594 595 laudantium
617 537 676 594 aut
695 531 912 596 constantiam
932 530 1183 617 requirentium.
1302 563 1305 573 ·

343 629 499 700 Ceteram
523 653 563 697 oo
585 639 722 701 senatus
747 632 820 712 olie',
848 653 915 718 quo
944 630 986 698 sle
1015 632 1154 721 imperia
1175 629 1309 720 Vespa-

243 735 329 803 sioni
352 733 546 816 oscultant,
575 735 748 822 placuerat
773 733 864 798 mitti
891 731 934 798 ad
956 735 1137 822 prinoipem
1163 735 1310 819 legatae·

243 841 318 906 lsiac
338 837 427 902 inter
445 834 635 902 Helvidium
657 842 692 901 et
708 835 847 921 Eprium
870 855 945 900 aare
969 835 1123 923 iurgium.
1167 835 1308 904 Priscus

242 941 323 1028 eligi
344 939 536 1006 nominatim
560 963 580 1005 a
601 940 852 1026 magistratibus
875 937 1015 1020 iuratis,
1043 939 1224 1008 llaraollus
1246 961 1308 1005 ur-

206 1057 208 1062 ·
243 1067 317 1112 nam
340 1042 551 1131 postulabat,
576 1065 661 1131 quae
682 1043 829 1108 consulis
851 1038 1017 1126 designati
1043 1042 1207 1110 sententio
1231 1042 1307 1108 lue

243 1155 309 1218 rat.
351 1152 385 1213 l.
405 1145 467 1212 ead
487 1146 638 1214 Marcelli
659 1145 804 1212 studium
825 1144 981 1232 proprius
1000 1145 1104 1214 ruhar
1127 1145 1307 1226 excitabat,

244 1273 284 1316 ne
313 1249 393 1314 ‘aliis
423 1249 540 1314 electis
569 1249 781 1337 posthabitus
813 1245 1017 1314 crederetur.
1077 1249 1305 1336 paulatimque

243 1375 304 1441 per
332 1349 579 1416 altercationem
616 1349 659 1416 ad
694 1351 867 1418 continuae
895 1356 931 1414 et
966 1349 1106 1416 iulestas
1136 1351 1306 1417 orationes

243 1453 391 1544 pravorti
418 1457 515 1531 eunt,
546 1461 724 1538 quaerente
753 1449 928 1518 Helvidio:
973 1449 1065 1537 Quid
1093 1453 1141 1518 ita
1162 1451 1306 1518 Marcel·

243 1563 298 1626 las
322 1555 478 1624 iudicium
507 1555 759 1639 magistratuum
791 1559 998 1641 pavescereta
1024 1574 1099 1620 esee
1129 1555 1182 1622 illi
1205 1575 1308 1644 pecu-

243 1663 331 1726 niam
355 1666 389 1724 ot
410 1657 648 1743 eloquentiam,
671 1659 747 1746 qais
770 1659 893 1724 maltos
914 1655 1073 1722 anteiret:
1095 1658 1130 1723 ui
1149 1657 1306 1724 memoria

243 1763 444 1848 flagitiorum
465 1769 655 1844 urgeretur.
697 1768 789 1828 sorte
809 1767 845 1826 ot
865 1781 950 1826 urna
970 1779 1078 1826 mores
1097 1781 1162 1826 nau
1180 1758 1307 1826 aneor-

244 1866 298 1932 ai:
324 1861 483 1947 suffragia
511 1868 546 1928 et
567 1861 843 1930 existimationem
865 1869 1002 1930 senatus
1024 1869 1175 1949 reperte,
1201 1868 1242 1928 ut
1270 1863 1305 1928 iu

245 1967 406 2052 cuiusque
435 1963 536 2030 vitam
564 1965 750 2054 famemque
785 1971 1009 2054 penetrarent.
1066 1964 1234 2052 pertinere
1262 1963 1307 2031 ad

244 2069 423 2134 utilitatem
444 2069 494 2133 rei
522 2069 691 2156 paulinae,
717 2070 884 2158 pertinere
907 2065 949 2132 ad
971 2065 1174 2156 Vespasiani
1203 2069 1306 2141 hauo-

242 2193 331 2250 rem,
366 2191 541 2236 occurrere
569 2171 623 2238 illi
649 2193 735 2260 quos
765 2168 1055 2239 innocentissimos
1082 2175 1219 2236 mustus
1247 2169 1306 2234 lra-

242 2273 338 2353 laeat,
370 2272 429 2359 qui
457 2272 606 2340 honestis
640 2277 848 2344 sermonibus
875 2293 973 2339 aures
1002 2272 1214 2360 imperatoris
1242 2273 1305 2338 im-

243 2377 358 2443 buant.
399 2374 505 2442 luisse
524 2374 734 2465 Vespasiano
755 2377 936 2446 amicitiem
960 2397 1035 2443 oum
1057 2373 1220 2454 Thrasea,
1240 2371 1305 2442 So-

243 2497 340 2558 rano,
368 2474 501 2557 Sentio,
531 2498 671 2565 quoram
700 2488 912 2549 accusatores
940 2477 1073 2546 etiamsi
1101 2477 1212 2565 puniri
1238 2497 1305 2544 aaa

242 2585 415 2668 oporteat,
450 2581 613 2647 ostentari
640 2604 706 2650 aaa
732 2583 863 2654 debere.
923 2581 984 2648 laec
1014 2587 1150 2648 senatus
1179 2577 1304 2648 iudicio

242 2684 334 2750 volnt
355 2679 524 2748 admoneri
553 2684 734 2772 prinoipem
764 2707 847 2774 quos
877 2683 1012 2773 probet,
1041 2703 1125 2771 quas
1153 2681 1305 2748 reformi-

242 2783 311 2852 det.
360 2785 486 2850 nullum
519 2787 625 2852 maius
646 2787 724 2854 boui
753 2786 886 2876 imperii
913 2786 1171 2854 instrumentum
1204 2807 1302 2872 wrm

242 2889 345 2955 bonos
374 2887 498 2953 amieos
525 2908 610 2955 osee.
663 2887 748 2954 satis
779 2888 939 2958 Marcello
962 2888 1052 2977 quod
1073 2885 1239 2954 Neronem
1268 2888 1304 2954 ia

242 2991 379 3057 exitium
408 2997 461 3058 tot
487 2991 707 3057 innocentium
736 2991 924 3079 impulerit3
951 2991 1121 3058 frueretur
1145 2989 1304 3078 praemiis

242 3102 278 3160 ot
316 3093 531 3180 impunitate,
572 3091 814 3180 Vespasianum
854 3094 1046 3162 melioribus
1086 3093 1304 3180 relinqueret.

241 3197 275 3266 8.
297 3195 476 3264 Marcellus
498 3216 562 3259 non
587 3217 680 3261 suam
703 3196 897 3264 sententium
919 3195 1122 3286 impugnari,
1142 3193 1203 3261 soal
1226 3215 1304 3262 cou-

243 3299 347 3364 sulem
377 3293 583 3382 designatam
611 3297 780 3366 censuisse
808 3297 957 3380 dicebat,
986 3295 1164 3364 secuudum
1189 3305 1302 3366 vetera

293 3469 311 3505 c
323 3453 536 3519 mopiatrottioo
546 3455 665 3516 iuratis]
678 3458 710 3507 Η.
724 3471 749 3507 e.
793 3468 836 3508 ma
849 3457 881 3508 nt
897 3457 941 3506 est
961 3456 1060 3506 aceris
1074 3455 1302 3520 perstringerem

243 3535 261 3574 a
280 3523 455 3590 oonsulibus,
483 3524 659 3576 iureiurando
686 3528 750 3576 ante
793 3526 865 3589 quau
887 3523 917 3574 ln
935 3524 1099 3586 suspicionis
1117 3523 1218 3576 inuicto
1238 3537 1304 3575 ease

243 3593 402 3654 obstrictis,
426 3607 457 3642 ee
475 3593 661 3644 nominatoree
683 3606 751 3656 quae
793 3593 935 3647 soletatat
949 3593 1037 3660 sorte.
1070 3595 1175 3650 Brenn,

110 3683 121 3696 ·
244 3661 416 3723 erepublica
432 3665 586 3712 censerent.
603 3663 667 3715 vid.
681 3667 751 3713 unu.
843 3662 986 3726 floruero,
1003 3663 1135 3722 sorno]
1153 3661 1217 3714 vlt.
1231 3663 1302 3712 Anu.

245 3727 631 3798 1‚7i.1v‚ar.1nv.x‚tt.
793 3732 873 3798 xvi,
890 3732 935 3782 tl·
966 3731 1079 3795 aestu,
1104 3732 1210 3782 nomiae
1229 3729 1303 3780 elio-
1331 3741 1338 3752 ·

295 3798 325 3851 C·
338 3800 366 3850 7.
398 3799 449 3848 ui.
465 3837 472 3850 .
487 3795 659 3865 carperetur]
681 3800 752 3862 Sap·
795 3801 860 3863 quin
882 3799 993 3866 ignoto,
1022 3799 1066 3849 cni
1087 3799 1195 3861 quidam
1213 3801 1304 3850 Sene-

245 3869 344 3930 pieada
355 3869 399 3918 est
411 3869 554 3932 spadonis:
571 3881 606 3920 ne
618 3880 753 3934 pauesce-
794 3883 845 3922 aar
858 3881 955 3920 nomeu
967 3869 1142 3919 substituere.

245 3939 410 3988 renuam.
445 3937 599 3988 Alienatus
616 3937 670 3987 laci
685 3949 752 3989 oan-
787 3963 790 3970 ι
846 3936 875 3988 c.
888 3937 914 3988 8»
950 3937 1213 4000 reassumpte]
1241 3936 1302 3986 tion

246 4007 317 4058 aicta
342 4009 425 4068 atque
448 4019 543 4057 eorum
568 4007 753 4070 plurimarum
796 4007 876 4070 oaesi
895 4017 1003 4068 semper
1030 4004 1116 4070 legati
1140 4005 1216 4055 sorte
1235 4003 1302 4055 oiim

246 4077 279 4126 ue
294 4075 390 4138 quitus
404 4075 542 4128 uictumio
556 4079 589 4128 A.
604 4073 754 4138 i,ra.1m-
797 4075 874 4128 missi
894 4075 1056 4140 sedsaepe,
1073 4075 1159 4138 atrp.
1174 4073 1303 4125 cloutt.
