2844 4794
244 268 294 336 oe
613 267 949 342 ionicotno
1044 319 1049 334 .

192 445 301 510 ooorat
329 441 435 524 tamn,
466 438 644 528 aliquando
674 449 710 510 et
740 445 852 530 elegit.
908 443 1035 514 conoul
1063 442 1218 529 egregiae
1249 447 1325 506 tum

242 545 316 634 epei
337 545 440 610 titiam
469 545 579 612 ioveui
607 546 689 612 mihi
711 547 909 638 despondit,
935 571 977 626 ec
1001 545 1323 636 postconsulatum

242 647 439 730 collocavit,
458 656 494 718 et
515 650 631 714 rtatim
653 649 850 718 Britanniae
871 651 1086 740 praepositus
1109 659 1163 715 eat
1185 646 1324 716 adiecto
1391 637 1392 696 ἶ

241 750 456 840 pontificatue
474 751 677 821 sacerdotio.

345 885 398 954 lo
439 881 635 952 Britanniae
657 887 758 952 eitum
789 885 1000 976 populeaque
1031 883 1146 950 multia
1168 885 1321 974 acripto-

233 984 336 1056 ribue
359 995 559 1056 memorator
581 1011 647 1057 uon
667 989 701 1055 iu
724 989 1004 1078 comparationem
1027 1009 1126 1054 curae
1148 987 1321 1072 ingeniive

240 1091 401 1168 referam,
428 1089 489 1158 ead
510 1093 590 1178 quia
613 1100 683 1158 tum
704 1091 846 1180 primum
870 1089 1055 1182 perdomita
1084 1097 1148 1158 oet.
1198 1089 1321 1178 itaque

240 1213 327 1282 quae
355 1193 487 1282 prienes
519 1192 662 1260 nondum
692 1202 861 1283 comperta
890 1193 1081 1282 eloquentie
1108 1193 1321 1282 pertoluere,

239 1317 350 1364 rerum
371 1295 437 1362 tide
459 1297 647 1368 tradentur.
697 1297 896 1380 Britannia,
927 1297 1113 1362 iaculorum
1136 1317 1221 1382 quaa
1246 1295 1319 1364 Bo·

241 1419 336 1464 maua
357 1399 478 1466 notitia
507 1400 743 1488 complectitur
773 1401 934 1480 maxima,
961 1401 1072 1487 epatio
1093 1420 1132 1464 ao
1154 1399 1251 1465 caelo
1284 1400 1318 1464 iu

240 1503 414 1570 Orientem
437 1501 653 1584 Germaniae,
680 1504 715 1570 iu
740 1501 957 1570 Occidentem
980 1501 1166 1588 Hispaniae
1194 1501 1318 1566 obten-

240 1605 352 1687 ditur,
372 1605 482 1675 Gallia
506 1609 541 1674 iu
566 1605 739 1674 meridiem
763 1607 864 1673 etiam
888 1606 1083 1694 inspicitur3
1111 1604 1318 1690 cepteutrio-

238 1709 328 1775 ualin
350 1710 422 1776 eiua
445 1711 548 1778 uultis
571 1719 688 1776 contra
716 1711 817 1778 terrio
839 1717 934 1776 reato
959 1713 1059 1796 etqua
1083 1713 1200 1795 aperto
1224 1705 1314 1771 mari

238 1814 432 1901 puleeutur.
487 1813 643 1880 Formam
672 1816 776 1880 totiue
797 1811 992 1880 Britanniae
1013 1808 1128 1876 Liviuo
1150 1815 1316 1884 veterum,

237 1914 365 1984 Fabiae
387 1913 547 1982 Buaticua
568 1915 757 1982 recentiora
774 1913 1040 2004 eloquentissimi
1068 1920 1223 1980 auctores
1250 1911 1314 1978 ob-

237 2021 357 2106 longae
379 2019 531 2086 acutulae
553 2019 607 2084 vel
628 2018 762 2106 bipenni
784 2018 1034 2085 eaaimolerero.
1065 2025 1101 2082 et
1120 2023 1175 2082 eet
1196 2037 1236 2082 aa
1259 2017 1314 2080 fa-

237 2121 307 2188 oice
336 2121 422 2188 citra
442 2119 675 2204 Caledoniam,
704 2119 793 2188 unde
815 2121 905 2187 etin
927 2119 1116 2186 uuiversum
1141 2120 1230 2185 fama
1254 2125 1312 2184 est

237 2233 467 2310 treuegreeee3
489 2224 549 2292 aod
568 2227 764 2292 immeaeum
786 2231 822 2291 et
841 2243 974 2291 enorme
995 2223 1143 2310 epatium
1166 2243 1311 2312 procur-

1232 2347 1311 2390 reu·

286 2504 316 2556 et
327 2503 424 2570 eiepti]
438 2505 471 2554 B.
485 2515 510 2554 e.
524 2503 616 2554 aiiecit
627 2505 658 2554 ut
670 2513 750 2568 quera
791 2503 896 2552 contra
909 2501 1139 2564 captentrionem.
1169 2499 1223 2552 Get
1232 2513 1309 2566 pur·

236 2572 338 2637 vulgae
358 2575 510 2624 rumortoue
532 2573 699 2640 deettuerat,
731 2585 750 2622 a
791 2571 816 2622 ti
831 2573 911 2621 uuita
925 2573 969 2620 ert
983 2571 1091 2621 obiectu
1107 2573 1201 2620 terra.

236 2641 406 2704 principibus
431 2643 590 2706 eligeretur.
630 2643 702 2693 Biet.
724 2641 748 2710 1,
842 2637 959 2699 Meiere]
978 2640 1049 2702 Bpit
1070 2639 1129 2692 GV.
1157 2651 1210 2702 quo
1232 2637 1309 2688 libro

238 2713 281 2762 io.
316 2712 348 2762 ei
367 2711 438 2764 cetis
456 2713 579 2774 eligere,
610 2721 750 2763 cauernae
789 2708 889 2758 Liviae
910 2707 974 2758 iulii
992 2707 1124 2760 caesarie
1149 2707 1307 2768 expeditio-

236 2783 428 2831 monatroter.
481 2781 550 2830 Neue
584 2781 670 2844 clepet
701 2781 748 2830 vel
790 2789 852 2828 nen
865 2778 1306 2828 iuBritauuiemnarrarerot-

236 2849 359 2900 aorietua
373 2849 420 2899 vei
433 2849 583 2912 portarium
596 2852 649 2899 eet.
680 2849 748 2900 sair.
789 2846 891 2898 raoeu
902 2845 1125 2906 BuaticcaJVio.
1139 2843 1303 2910 Aumxltt,

237 2917 356 2970 cet-51.
380 2917 624 2982 Naccararum
636 2920 750 2969 morta·
791 2917 836 2967 to.
853 2916 894 2965 it.
908 2915 986 2980 ΚΝ,
1001 2917 1027 2966 2,
1046 2914 1112 2982 XV,
1126 2915 1171 2964 Bi.

235 2987 307 3037 tium
326 2985 452 3036 intenae
479 2999 550 3038 areae
573 2997 685 3050 percae
703 2987 750 3037 ot-
842 2985 872 3035 ct
885 2987 929 3036 ert
941 2997 975 3035 eo
988 2983 1098 3050 tocke]
1119 2985 1224 3034 {cneus
1242 2987 1303 3034 cat:

235 3057 361 3110 deamo
383 3055 468 3106 mutii
493 3067 541 3106 eea
560 3057 679 3119 promea
698 3067 749 3106 aa·
790 3051 833 3103 ite
846 3053 952 3116 quiden
965 3053 1124 3104 Britanniae
1141 3064 1207 3114 pere
1221 3065 1303 3114 quarn

236 3135 292 3188 paco
311 3123 443 3175 tumere
478 3122 574 3186 iteque
590 3135 645 3174 uou
665 3135 748 3174 eena-
790 3121 896 3184 pridem
914 3121 1057 3188 uorturue,
1079 3135 1167 3184 usque
1186 3121 1222 3172 ad
1235 3121 1302 3173 clo-

235 3192 295 3242 riue
311 3194 371 3254 eet,
389 3203 444 3241 non
457 3201 555 3254 gnome
568 3192 678 3242 aliunde
697 3205 748 3254 pe·
791 3193 847 3240 tam
867 3193 895 3241 et
912 3191 1085 3257 Bodotriam,
1109 3193 1186 3242 recte
1205 3195 1302 3242 acuta-

235 3260 303 3319 titu,
338 3271 393 3310 nou
418 3260 529 3326 gicero,
560 3263 591 3310 ut
616 3261 749 3312 iudicavit
790 3259 836 3310 iae
850 3260 1021 3320 reioipenui
1040 3260 1234 3323 eaeimuietur3
1252 3262 1302 3310 aed

155 3341 158 3354 ·
234 3328 451 3390 Peerlkampiue.
791 3328 867 3380 circa
887 3331 955 3379 haec
982 3329 1044 3390 ipae
1062 3329 1221 3395 aeetoeria,
1255 3329 1303 3380 uni

288 3395 318 3448 0.
336 3399 377 3447 iii.
419 3397 516 3447 medita
538 3395 747 3460 scriptoribus]
790 3401 941 3448 extremum
955 3397 1009 3448 iarn
1020 3399 1087 3448 litua
1100 3411 1163 3448 esea
1176 3401 1301 3463 putente,

234 3467 272 3516 ot
285 3465 365 3516 Gaea.
380 3466 409 3514 B.
425 3467 459 3516 G.
473 3465 510 3531 V,
524 3465 648 3515 12-2e.
675 3467 744 3516 Plio.
789 3477 864 3517 uova
876 3467 1035 3518 Britanniae
1047 3479 1124 3532 pare,
1141 3466 1301 3529 Caledonio,

233 3535 268 3584 ii.
280 3535 314 3585 it.
328 3535 378 3600 lv,
392 3535 435 3599 eo,
449 3535 492 3586 ³⁰.
504 3534 567 3585 triv.
583 3535 641 3587 GV.
654 3537 745 3586 suat.
789 3535 818 3586 iu
837 3547 914 3586 mare
932 3537 1072 3598 procurrit
1083 3539 1113 3587 et
1131 3536 1300 3598 septentrio-

233 3602 328 3667 1V‚·o.
788 3616 851 3654 uam
873 3617 974 3654 ceraue
998 3605 1028 3658 in
1052 3609 1161 3658 tenuent
1186 3618 1301 3656 cuneum

284 3673 379 3738 marro
391 3684 427 3724 ac
438 3673 516 3722 corio
534 3673 596 3722 idco
609 3673 681 3721 citra
693 3684 745 3722 uo·
788 3673 961 3724 terminetur.

232 3741 318 3794 ttonie
362 3742 555 3794 necessitatem
593 3741 745 3805 coniunxit,
838 3741 1300 3794 undeetiarautorraarm..treae-

233 3811 298 3873 quia
315 3811 391 3861 intra
406 3811 439 3860 de
453 3815 569 3873 utroque
583 3810 673 3860 ioeiue
686 3811 745 3859 dia-
787 3821 889 3876 praere
900 3811 1062 3878 Bhenanus,
1081 3813 1127 3862 ubi
1148 3813 1228 3880 famu
1246 3823 1299 3862 no-

231 3882 389 3930 aertaturue
403 3881 473 3944 erat,
484 3881 599 3943 primum
612 3879 743 3947 decocto,
786 3879 936 3930 minatione
956 3883 1016 3948 eet,
1043 3881 1103 3931 acii.
1124 3883 1186 3934 eiua
1203 3881 1299 3948 societ.

231 3948 329 4000 deiude
345 3949 378 3998 dc
392 3951 483 4009 apetio
497 3951 543 4000 rei
560 3949 629 3999 aoio.
785 3949 823 3998 nt
835 3950 887 3998 vo.
902 3953 930 4018 et
942 3949 1000 3998 But.
1020 3963 1062 4011 pr.
1083 3949 1159 4001 ande
1178 3950 1299 4001 catecr-

279 4015 366 4066 aueo
379 4019 484 4070 contra
497 4019 602 4078 terrie]
616 4015 741 4068 urceos.
784 4031 848 4068 aum
864 4053 871 4068 .
887 4055 894 4069 .
917 4019 1118 4084 trumpraeeia.
1151 4019 1298 4080 Suspicor:

230 4083 259 4132 B.
274 4085 348 4138 eati.
357 4085 394 4151 V,
412 4085 452 4140 ¹³.
466 4089 596 4142 i'ertiem
608 4089 685 4139 ictae
698 4087 743 4138 eat
784 4087 860 4139 eada
872 4089 902 4138 et
915 4085 1081 4140 aeioeraaeee
1101 4087 1297 4148 (miracim-
