2874 4802
115 303 119 313 .
236 239 301 306 lib
567 243 979 317 nistxonlnittini

186 413 422 482 eavereue‘ed
441 417 610 504 singulos,
637 441 715 486 nure
737 441 873 490 secares
896 419 1122 508 dolabrasque
1142 423 1178 485 et
1198 423 1318 486 cetera

239 518 468 607 expugnandis
493 521 634 590 urbibus
663 545 775 590 secum
807 525 1004 592 attulissent
1035 521 1218 610 rogitabat.
1276 528 1317 587 et

238 644 314 706 curn
335 625 537 706 abnuerent,
557 627 767 711 „glediisne“
784 628 897 715 inquit
918 636 976 710 „st
999 628 1079 716 pilis
1103 626 1316 716 perfringere

239 747 279 792 ac
308 726 471 796 s'obruare
499 751 612 796 muros
640 731 730 796 ullas
759 751 876 798 manue
902 723 1067 820 pessunt?
1094 733 1127 798 ei
1155 749 1315 816 aggerem

239 841 389 915 struere,
409 833 441 900 si
462 834 587 920 pluteis
607 833 797 900 cratibusve
819 835 951 924 protegi
973 855 1110 907 necesse
1129 833 1250 913 inerit,
1271 839 1316 897 ut

237 938 358 1022 volgus
394 935 614 1026 improvidum
649 935 741 1002 irriti
772 935 957 1016 stabimus,
993 936 1205 1006 altitudinem
1238 946 1315 1002 tnr-

238 1041 328 1108 rium
351 1042 514 1108 stelione
538 1041 741 1108 munimenta
766 1034 950 1108 mirantes?
980 1041 1061 1128 quin
1083 1042 1196 1129 potius
1216 1060 1313 1106 more

237 1145 349 1212 noetis
372 1145 491 1224 unius,
524 1142 673 1210 advectis
698 1145 876 1212 ter-satis
904 1145 1148 1232 machinisque,
1173 1145 1241 1210 eim
1261 1143 1314 1210 ei-

240 1249 446 1335 otorlarnqne
474 1247 648 1314 ¹nobiscum
676 1242 869 1314 ιιιιιιιιιιῖιι
920 1245 1030 1322 Simul
1052 1248 1139 1314 liras
1160 1249 1313 1316 calores-

239 1373 305 1440 que
326 1373 401 1418 cum
424 1348 663 1432 recentissimis
691 1351 840 1438 equitum
864 1348 1065 1418 Bedriacum
1097 1349 1223 1432 mittit,
1256 1371 1313 1417 co-

238 1455 314 1546 pies
335 1461 510 1539 aetateque
530 1454 608 1518 usui
629 1454 806 1524 allaturos.
854 1457 910 1522 21.
941 1451 982 1518 ld
1004 1474 1083 1520 vero
1105 1475 1206 1541 aegre
1226 1455 1314 1521 tals-

238 1564 335 1626 rante
362 1555 474 1624 milita
503 1577 608 1643 prope
635 1557 831 1626 seditionem
856 1561 1009 1638 vectum,
1042 1577 1116 1622 curn
1139 1557 1313 1646 progressi

239 1661 371 1749 equites
398 1657 460 1724 seb
483 1660 557 1747 ipsa
581 1660 710 1726 moenie
739 1679 841 1743 rogos
869 1680 908 1724 er
929 1657 1209 1728 Cremonensibus
1236 1681 1313 1726 eor-

239 1762 385 1851 ripiunt,
414 1783 555 1848 quorum
578 1761 701 1828 indicio
723 1762 873 1829 noscitur
893 1781 951 1828 ιιι
972 1762 1178 1830 Vitellianas
1203 1764 1313 1848 legio·

239 1887 300 1933 nse
322 1885 517 1951 amnemque
538 1866 722 1932 exercitum
741 1865 802 1952 qui
821 1861 990 1934 Hostiliae
1011 1875 1149 1953 egerat,
1172 1887 1212 1934 eo
1234 1867 1310 1954 ipso

240 1969 296 2034 die
317 1967 456 2052 triginta
477 1967 569 2034 milia
591 1991 748 2056 persuum
771 1989 959 2050 emensum,
983 1980 1150 2058 comperta
1173 1991 1309 2038 eaerum

240 2069 335 2140 cludo
359 2071 393 2136 in
414 2071 576 2160 praelium
597 2071 724 2157 accingi
746 2093 784 2138 ac
804 2073 869 2138 iem
892 2069 1007 2142 affore.
1057 2073 1094 2140 Is
1119 2082 1230 2142 terror
1251 2073 1312 2140 ob-

240 2182 388 2244 structae
410 2179 536 2241 mentes
557 2173 708 2240 consiliis
730 2175 826 2270 ducis
848 2175 991 2262 operuit.
1035 2175 1156 2242 sistere
1175 2177 1310 2244 tertiam

164 2269 168 2280 ’
241 2280 411 2346 desumere
433 2277 596 2360 legionem
619 2275 654 2342 in
673 2276 747 2364 ipso
764 2279 837 2345 viee
853 2276 1046 2346 Postumiae
1066 2297 1187 2364 aggere
1199 2279 1313 2373 iubet,

240 2383 297 2468 cui
314 2382 427 2448 iuncta
449 2401 468 2444 a
491 2381 587 2446 laeso
609 2381 752 2467 septima
769 2381 934 2448 Galbiana
958 2381 1087 2468 potenti
1107 2402 1225 2472 compe
1243 2389 1312 2450 ete-

239 2487 301 2565 tit,
328 2483 406 2550 dein
435 2489 578 2570 septima
607 2481 812 2563 Claudiana,
839 2485 968 2570 agresti
994 2485 1087 2551 losse
1116 2485 1188 2570 (ite
1216 2485 1313 2554 locus

240 2587 337 2673 erat)
358 2587 585 2674 praemunitae
616 2584 734 2653 dextro
756 2593 873 2654 octava
901 2609 963 2676 per
984 2593 1135 2677 apertum
1158 2587 1312 2671 limitem,

242 2713 316 2760 mor
339 2688 440 2756 tertia
465 2687 579 2758 densis
602 2689 752 2756 arbustis
781 2689 980 2778 intersepta.
1028 2688 1095 2756 llic
1121 2691 1311 2779 aquilarum

241 2795 477 2882 signorumque
500 2791 600 2862 ordo:
629 2793 756 2860 militas
777 2793 873 2862 mixti
897 2817 958 2885 per
978 2794 1152 2876 tenebras,
1179 2801 1219 2862 ut
1239 2795 1311 2862 fare

1254 2907 1310 2967 tu·

274 3085 479 3150 repensandae
499 3094 598 3134 maroe
620 3083 651 3132 ιιι
672 3086 786 3144 modom
802 3083 932 3140 tua-riom
955 3087 1082 3152 tectum,
1106 3087 1140 3138 te.
1182 3087 1310 3140 (ilaeeem

274 3155 415 3216 redolent,
432 3165 492 3204 cum
508 3153 673 3215 praesertim
691 3153 729 3219 li,
747 3155 790 3208 21.
814 3155 925 3205 eaedem
943 3156 1041 3207 vineoe
1058 3157 1227 3208 menecrates
1244 3157 1310 3221 sint,

273 3223 352 3272 nulls
369 3221 541 3283 expositione
557 3222 719 3274 lnetmotee.
846 3271 850 3278 .

307 3335 338 3386 c.
357 3337 399 3386 21.
434 3350 453 3386 o
476 3337 557 3390 laevo
576 3337 635 3389 edd
658 3339 696 3387 Δι
712 3339 768 3388 tle.
791 3337 822 3388 te
841 3339 958 3402 ιιιιιιυο,
983 3337 1056 3388 maie
1078 3339 1198 3402 repetito
1221 3341 1252 3394 ie
1276 3353 1311 3391 ex

275 3416 316 3452 ve.
336 3405 490 3466 superiore.
1158 3409 1160 3412 ’

305 3519 399 3570 tertia
416 3519 545 3572 Pichena.
580 3521 618 3569 Αι
634 3521 710 3570 mss.
729 3520 821 3572 tertio
836 3521 954 3573 decimo.
991 3522 1055 3574 vid.
1074 3535 1099 3575 c.
1116 3521 1161 3574 24.

290 3655 398 3716 altene]
414 3656 620 3718 Nampepudorl
632 3659 751 3708 essede-
795 3661 872 3710 tesee
887 3661 994 3710 stratae
1008 3663 1043 3711 ab
1057 3663 1088 3712 Α.
1108 3657 1249 3710 Postumio
1259 3659 1311 3716 et-

239 3725 294 3790 bet,
309 3727 421 3776 hostilia
433 3739 489 3778 nen
503 3737 584 3789 posse
594 3729 752 3778 contemne·
796 3728 875 3792 bico,
893 3729 927 3778 de
940 3741 994 3790 qun
1006 3731 1068 3778 Lis.
1085 3728 1162 3792 xiil,
1176 3730 1220 3780 27.
1240 3729 1311 3778 itur.

240 3807 271 3843 rc
284 3805 317 3846 ae
330 3807 473 3857 superare.
844 3800 1046 3860 perspersum
1057 3793 1195 3864 ιιιιιιιιιιι]
1222 3795 1312 3846 intel·

290 3865 433 3916 nobiscum
445 3863 582 3932 semmua]
599 3863 643 3912 lte
655 3863 686 3912 ιιι
697 3875 752 3914 non
795 3863 853 3928 lige
865 3865 940 3915 viem
954 3869 1152 3930 campestrem,
1174 3877 1229 3916 non
1242 3866 1311 3914 den-

239 3935 397 3992 quaerenda
409 3935 515 3986 demum
530 3933 559 3984 et
576 3931 702 3994 paranda
714 3932 752 3982 eit
796 3934 837 3982 sis
861 3935 982 3985 arbustis
1009 3936 1146 3986 consitam
1173 3937 1240 3985 ets
1263 3935 1314 3984 vio

239 4001 368 4056 victorie.
792 4001 936 4054 Postumis
977 4015 1027 4066 per
1064 4016 1154 4070 egres
1190 4011 1312 4062 verm,

288 4069 318 4122 0.
333 4073 377 4124 21.
412 4071 477 4126 elac
489 4069 665 4130 uouemere]
678 4068 750 4122 Fer·
768 4127 769 4130 Ἴ
795 4070 920 4122 Wsurs.
