2854 4798
241 291 287 362 er
506 237 517 266 ’
575 285 979 362 ursnomaaun

84 449 87 458 ’
195 483 238 534 ee.
246 465 380 555 utrique
411 462 597 533 cohortium
630 466 824 556 alarumque
856 467 900 532 et'
920 465 1048 532 ola'eeee
1085 483 1247 552 rugaeque
1275 485 1320 532 ae

236 591 362 642 ‚nomen
385 567 626 658 disparitama
648 571 791 639 eelebre.
834 573 868 640 5.
898 567 1128 658 Vespasianus
1153 589 1231 634 aner
1253 569 1319 634 mi-

244 675 359 757 litiae,
378 675 506 741 anteire
526 685 663 762 agmen,
684 675 794 740 loonm
816 673 938 740 oaetrie
960 693 1096 763 nupera,
1117 679 1216 738 nootu
1238 669 1318 737 diu-

245 799 318 865 que,
334 777 475 844 oonsilio
498 799 558 854 ae,
579 777 611 844 ei
632 797 689 844 ree
711 785 877 866 poeoeret,
898 795 997 842 mann
1019 765 1316 856 nestibue‘onnitt,

246 879 321 946 oibo
342 880 493 964 fortuito,
514 889 608 948 verte
628 879 809 967 habituque
825 879 879 947 rix
899 901 919 945 a
940 879 1094 965 gregario
1118 878 1225 943 milite
1245 876 1317 943 die-

247 1005 406 1075 orepana3
435 1003 576 1071 prorena
599 985 630 1050 ei
652 981 792 1050 avaritia
820 980 970 1064 abereet,
1001 981 1149 1068 antiquie
1172 979 1317 1048 ‹lnoibue

247 1107 321 1176 par.
368 1086 557 1154 Mucianum
587 1105 606 1150 e
636 1083 804 1152 eontrario
834 1085 1076 1170 mepuiiieentia
1105 1091 1142 1150 et
1169 1103 1250 1170 epae
1279 1091 1318 1150 et

247 1195 366 1256 onnota
389 1190 555 1278 privatum
578 1185 710 1254 modum
726 1207 944 1277 supergreeaa
959 1187 1182 1270 extollebant3
1205 1187 1318 1276 aptior

247 1311 417 1374 sermone,
446 1289 614 1378 dispositu
633 1289 833 1382 pronienqne
854 1291 1001 1358 cirillum
1030 1311 1141 1356 rernm
1164 1292 1315 1380 peritur:

122 1398 126 1406 '
247 1396 415 1482 egregiam
433 1393 641 1482 prinoipatne
654 1399 962 1482 temperamentum,
983 1395 1013 1460 ei
1028 1391 1171 1480 demptis
1186 1393 1317 1460 utrius-

246 1519 312 1590 que
333 1497 427 1565 vieti·
449 1497 542 1564 aulae
564 1495 707 1563 virtutae
731 1497 959 1567 minuerentur.
1001 1493 1159 1566 Ceterum
1182 1495 1236 1561 lrio
1249 1494 1317 1583 Sy·

247 1606 335 1687 riae,
356 1601 415 1668 ille
435 1595 579 1667 Iudaeae
600 1597 831 1686 praepoeitue,
852 1599 970 1666 vieinie
991 1599 1234 1688 provintiarum
1257 1595 1318 1663 aol-

223 1703 227 1712 '
250 1700 552 1774 minietrationilone
575 1699 701 1768 invitia
723 1700 916 1778 dieoordea,
937 1701 1029 1769 exitu
1050 1701 1181 1770 demum
1204 1697 1318 1767 Neno-

249 1809 302 1877 nie
333 1805 455 1897 positio
489 1801 576 1871 ooliie
603 1804 639 1869 in
666 1801 810 1870 medinm
840 1805 1055 1887 eonenlnere3
1083 1807 1225 1894 primum
1254 1825 1318 1891 per

249 1912 392 1994 emines,
436 1906 512 1974 dein
539 1906 717 1995 praeeipua
744 1903 940 1974 renuardiae
972 1906 1056 1976 tidee
1079 1907 1185 1976 'l'itue
1212 1929 1317 1998 prava

249 2014 432 2084 eertamina
453 2009 618 2077 enmmnni
645 2009 794 2076 utilitate
820 2009 1032 2085 aboleverat,
1062 2019 1183 2078 natura
1214 2019 1317 2099 atque

249 2123 323 2184 arte
362 2113 568 2203 componitur
611 2110 797 2179 alliciendis
833 2113 935 2180 etiam
968 2111 1115 2180 Muciani
1154 2113 1317 2184 motilena.

210 2257 214 2266 =
248 2219 395 2288 Tribuni
416 2216 693 2303 nanturioneaque
714 2221 750 2282 et
770 2215 888 2300 volgne
908 2215 1050 2282 militum
1069 2215 1253 2298 induatria,
1273 2218 1318 2284 ll-

248 2323 374 2405 oentia,
402 2341 464 2410 per
490 2318 652 2397 virtutae,
678 2339 741 2408 per
762 2317 968 2406 voluptates,
1005 2325 1046 2384 nt
1075 2319 1195 2409 unique
1223 2319 1316 2406 inge-

249 2425 359 2509 nium,
383 2419 668 2490 adeoieoeloantur.
709 2427 743 2488 e.
771 2421 963 2510 Antequam
986 2419 1089 2489 'l'itua
1111 2425 1317 2505 adventaret,

248 2535 492 2596 sacramentum
509 2523 653 2592 Othonis
671 2527 845 2611 acceperat
865 2531 1006 2612 uterque
1019 2525 1197 2608 exereitus,
1219 2547 1317 2616 prae·

248 2632 407 2720 oipitibne
428 2637 468 2696 ut
489 2629 616 2698 oeaolet
638 2625 783 2706 nuntiis,
806 2632 842 2691 et
862 2626 960 2692 tarda
983 2628 1071 2694 mole
1092 2630 1201 2698 altilia
1223 2631 1318 2712 belli,

247 2733 338 2824 quod
364 2735 464 2819 longa
487 2729 663 2799 eoncordia
686 2729 820 2817 quietne
843 2729 967 2797 Orione
989 2739 1068 2799 tune
1091 2733 1232 2821 primum
1256 2755 1317 2821 pa·

247 2838 358 2905 rabat.
401 2835 556 2921 Namque
576 2833 657 2900 olim
681 2829 888 2899 validiaeima
910 2833 999 2900 iuter
1021 2855 1059 2902 aa
1081 2836 1201 2902 nivium
1224 2859 1317 2903 arma

247 2939 283 3011 in
310 2937 412 3008 ltalia
436 2935 588 3006 Galliave
615 2933 743 3004 viribon
767 2932 962 3005 Occidentis
989 2945 1132 3026 eoapta;
1159 2945 1195 3004 et
1216 2935 1317 3006 Pem-

247 3042 342 3131 peio,
364 3037 502 3121 (laurio,
521 3037 649 3117 Bruto,
671 3038 839 3120 Antonio,
868 3061 953 3126 quoe
975 3061 1088 3108 omnee
1107 3050 1202 3107 uano
1224 3063 1316 3107 mare

247 3149 399 3210 euentum
428 3146 481 3208 eet
505 3123 607 3208 ⁸civile
636 3137 778 3224 neuun,
809 3139 898 3208 haud
931 3143 1083 3234 prosperi
1108 3143 1217 3212 exitus
1244 3141 1317 3208 ine-

283 3323 327 3370 ter
344 3319 486 3370 delendum
504 3319 554 3368 eat·
565 3319 596 3368 ut
612 3317 684 3368 mele
701 3316 848 3378 repetitum
865 3329 917 3379 per
935 3318 1163 3382 dittograpnlem
1184 3320 1215 3370 rt
1231 3316 1317 3370 men-

139 3395 144 3400 '
281 3389 361 3452 perte
383 3387 448 3441 aare
470 3385 623 3452 signifieat:
648 3389 676 3436 et
694 3386 766 3448 qnod
789 3386 853 3436 belli
877 3387 1016 3448 inexperti
1032 3391 1129 3452 erant3
1154 3391 1317 3451 profanent
1374 3447 1377 3454 Ι

283 3458 321 3519 ΙΙ,
334 3459 379 3508 82.
420 3453 565 3520 sortem
586 3455 737 3508 uidebatur
755 3489 763 3502 .
783 3465 879 3518 ,para
898 3457 1048 3520 ceptorum
1071 3461 1102 3509 et
1125 3457 1187 3508 dau
1204 3457 1317 3508 liacia-

281 3539 337 3576 maa
362 3526 391 3576 et
412 3523 578 3588 Veapoetoaat
600 3537 717 3588 nomen,
740 3536 777 3572 aa·
798 3521 868 3578 anilii
890 3525 1014 3574 ardanna
1038 3525 1130 3589 futter
1152 3529 1201 3578 eut
1217 3527 1255 3592 V,
1272 3525 1317 3576 21.

280 3595 339 3648 Sed
357 3595 466 3646 enatem
482 3595 611 3659 formido
626 3596 658 3646 et
673 3591 795 3657 remipea
808 3603 865 3655 per
880 3593 938 3644 otta
953 3593 1075 3645 militine
1090 3595 1188 3645 marato
1203 3593 1318 3658 etiope*

281 3663 324 3726 et,
348 3663 413 3716 uolt.
429 3665 500 3714 Aun.
519 3663 572 3727 lli,
589 3664 614 3712 9.
649 3661 721 3712 tllirn
744 3661 922 3722 anapioaoer:
952 3662 1219 3727 ermeneumata
1242 3661 1317 3728 aare,
1420 3679 1423 3696 ·

282 3731 444 3784 ronenulum
462 3731 632 3784 Tertulliano
649 3731 818 3792 naurpatom.
852 3730 943 3782 nonu.

315 3829 347 3882 c.
364 3831 392 3881 t.
425 3827 629 3896 praecipuitate
646 3828 705 3879 eut.
721 3825 853 3890 prateae
870 3828 924 3879 lla.

296 3965 327 4019 0.
341 3964 367 4018 t.
401 3977 472 4017 acer
488 3963 622 4025 miiitiae]
642 3963 710 4014 llor.
729 3962 760 4016 0.
804 3965 942 4034 quolibet,
965 3960 1316 4029 utuor.c.11,15,nu.

245 4031 383 4105 1115252.
415 4033 608 4086 Aortmtta'tta.
802 4034 866 4086 Nec
888 4035 1046 4104 fortuitum
1068 4043 1208 4100 apernere
1225 4030 1317 4095 σοφί-
1422 4033 1423 4084 J

293 4101 437 4172 fortuito]
449 4105 483 4154 ll.
498 4116 523 4154 e.
537 4101 626 4165 primo
640 4113 760 4167 quoqne,
803 4105 869 4156 tem.
