2854 4798
212 283 258 352 dd
550 281 961 354 utsroulstrult

167 455 347 540 ravimus,
370 453 543 546 digressos
567 457 729 526 exanimi
751 479 813 528 suc
835 457 962 527 Fabius
985 453 1115 526 Valens
1135 453 1297 524 adiunxe-
1397 449 1398 454 ’

218 565 286 630 rat.
330 561 440 650 iurgia
462 563 636 654 primum,
657 583 733 631 mcx
754 565 831 630 rixa
852 564 942 630 inter
961 559 1107 628 llatams
1131 569 1166 626 et
1189 559 1297 647 legio·

219 664 353 746 narios,
381 664 460 733 dum
489 667 544 734 bis
567 678 627 734 aut
656 668 727 735 illie
750 667 863 736 studia
890 666 1034 733 rnilitum
1061 674 1297 752 aggregantur,

188 761 189 770 ’
220 787 326 856 prope
354 769 389 834 in
412 771 576 858 praelium
599 791 775 854 exarsere,
804 772 838 838 ni
859 767 987 836 Valens
1009 768 1295 836 animadversione

219 891 402 960 paucorum
438 873 562 942 oblitos
600 876 667 942 iam
703 875 852 943 batavos
887 872 1021 960 imperii
1055 872 1296 940 admonuisset.

220 971 366 1041 Frustra
397 975 560 1046 adversus
589 977 733 1046 Aeduos
761 976 915 1066 quaesite
944 975 1026 1043 belli
1055 993 1174 1042 cauea:
1209 975 1297 1042 iussi

221 1076 395 1174 pecuniam
426 1091 527 1170 atque
558 1105 650 1150 arma
677 1079 810 1147 deferre
839 1079 1006 1166 gratuitos
1043 1076 1182 1169 insuper
1206 1099 1298 1146 com-

222 1188 354 1248 mcatns
377 1187 573 1271 praebuere.
617 1182 718 1274 Quod
740 1181 855 1251 Aedui
879 1181 1074 1264 formidine,
1096 1182 1298 1269 Lugdunen-

222 1303 279 1356 ocs
305 1285 429 1372 gaudio
459 1288 580 1358 iecere.
641 1285 710 1356 Sed
737 1287 826 1372 legio
854 1285 975 1353 italica
1003 1297 1039 1353 et
1067 1290 1121 1353 ela
1142 1284 1298 1352 Taurino

223 1383 405 1458 abductae:
439 1393 608 1460 cohortem
643 1389 943 1458 duodevicesimam
972 1387 1153 1475 Lugduni,
1182 1389 1298 1456 solitis

222 1489 290 1558 sibi
310 1491 478 1578 bibernis,
499 1495 645 1584 relinqui
663 1495 804 1584 placuit.
848 1491 995 1560 blanlins
1017 1491 1143 1560 Valens
1163 1493 1298 1580 legatus

223 1591 366 1665 Italicae
387 1599 550 1686 legionis,
580 1619 768 1689 quanquam
796 1597 880 1663 bene
901 1594 944 1662 de
965 1595 1121 1683 partibus
1144 1598 1299 1677 meritus,

223 1701 317 1767 nullo
338 1701 428 1790 opud
452 1701 630 1770 Vitellium
653 1703 778 1769 bonore
799 1700 877 1770 luit.
925 1699 1067 1766 secretis
1089 1721 1164 1766 eum
1184 1701 1300 1767 crimi-

223 1803 414 1872 nationibus
435 1803 654 1873 infamaverat
675 1803 820 1886 Fabius,
842 1803 995 1889 ignarum
1018 1812 1073 1886 et,
1093 1825 1161 1892 quo
1183 1806 1300 1872 meau-

224 1903 292 1972 tior
312 1905 538 1998 deciperetur,
559 1909 670 1998 palam
693 1905 880 1977 laudatum.

328 2011 384 2081 66.
435 2009 595 2078 Veterem
631 2013 720 2079 inter
753 2007 995 2097 Lugdunenses
1022 2005 1300 2100 Viennenessqne

224 2109 425 2181 discordiam
447 2115 633 2202 proximum
658 2116 782 2183 bellum
806 2112 1015 2185 accenderat.
1056 2115 1182 2182 multoe
1202 2116 1238 2183 in
1251 2117 1302 2184 vi·

224 2237 295 2284 cem
318 2215 452 2299 clades,
472 2219 625 2286 crebrius
643 2219 867 2309 infestiusque
887 2237 987 2305 quarn
1008 2225 1047 2282 ut
1069 2223 1197 2284 tantum
1221 2241 1302 2306 pro-

225 2327 302 2410 pter
323 2321 491 2391 Neronem
516 2321 726 2412 Galbamque
754 2327 974 2410 pugnaretur.
1021 2327 1057 2386 et
1078 2319 1188 2390 Galba
1210 2322 1302 2390 redi·

225 2431 282 2494 tus
311 2425 585 2513 Lugdunensium
618 2427 792 2494 occasions
822 2427 894 2492 iras
922 2427 956 2491 in
987 2423 1104 2491 liscum
1133 2431 1303 2510 verterat,

226 2531 354 2598 multus
375 2539 491 2598 contra
513 2537 549 2596 in
565 2529 772 2598 Viennenses
794 2533 910 2598 bonor.
954 2526 1042 2594 unde
1065 2531 1244 2597 aemulatio
1265 2539 1303 2596 et

225 2632 350 2704 invidia
372 2643 409 2704 et
430 2655 496 2702 uno
520 2655 615 2700 amne
637 2631 795 2704 discretis
815 2653 999 2701 connexum
1020 2631 1147 2702 odium.
1189 2631 1304 2722 lgitur

257 2825 489 2950 qtoeslrlppnquea
507 2826 608 2880 dicitur
632 2841 655 2880 c.
670 2828 714 2882 ol.
739 2823 952 2894 eedem11,⁴t.
975 2825 1198 2881 serueueram
1214 2838 1303 2882 voca·

272 2911 314 2950 or.
431 2933 437 2948 .

292 2998 416 3065 octena
433 2998 495 3048 edo.
513 3000 551 3048 At
569 3001 624 3048 nte.
642 2997 787 3062 deferret·
821 2995 954 3059 suspicor
971 3008 1033 3048 cum
1050 2996 1093 3048 ed.
1110 2996 1183 3060 spir·
1201 2997 1303 3065 deser-

260 3069 337 3118 rcrtt.
372 3067 437 3118 Vld.
455 3067 484 3116 in
501 3070 574 3119 Anu·
592 3067 660 3131 Xll,
677 3064 722 3114 49.
756 3065 847 3118 Dona.

295 3163 325 3216 c.
344 3163 389 3217 65.
426 3164 653 3232 Vteeccorcsqoc
669 3165 772 3218 omittit
790 3167 845 3215 Ma.

279 3297 465 3369 iurptclutra
479 3303 565 3352 verba
579 3303 743 3353 etalterca·
837 3301 1304 3365 amoen01u.e.nuuoeaatro

228 3369 331 3422 tionem
343 3373 434 3432 etanta
459 3369 488 3421 in
499 3371 571 3422 rtno
586 3373 670 3422 etiam
683 3383 743 3423 nra-
788 3369 952 3435 uictamne,
969 3373 1119 3438 Rhodano,
1137 3372 1277 3422 discretis.

228 3453 282 3502 pus
300 3441 485 3498 conseruntur
507 3441 552 3488 uel
576 3441 675 3491 saltem
698 3443 742 3491 lu·
837 3451 999 3492 correnum
1016 3441 1134 3499 odium]
1170 3441 1305 3502 Quamvis

228 3511 387 3567 tentantur:
411 3511 565 3574 syncopen.
584 3511 646 3561 bat.
667 3511 698 3560 Φ.
712 3512 745 3561 V.
789 3509 908 3560 luricam
926 3511 1035 3576 perosi,
1067 3513 1158 3560 nmen
1179 3523 1305 3562 connexe

229 3593 255 3644 p.
271 3579 332 3630 277.
366 3579 458 3637 Dono.
789 3579 915 3629 babitare
934 3581 1121 3645 cogebantur,
1151 3580 1223 3630 unde
1242 3581 1306 3630 alc-

279 3687 437 3748 WW]
463 3688 595 3752 bugduue
616 3687 662 3742 ubi
682 3689 745 3738 ten·
790 3649 871 3698 mus
885 3648 993 3712 ⁰ffi¹¹¹¹¹r
1018 3651 1075 3699 Μ
1090 3651 1222 3711 perpetuo
1236 3661 1306 3712 pro-

229 3760 346 3824 wm„
368 3773 393 3810 ο.
409 3757 452 3810 50·
788 3719 886 3780 spectu
901 3729 981 3780 quarn
996 3718 1103 3768 crebris
1123 3717 1307 3769 offensionum

788 3787 990 3838 occasionibus.
1023 3787 1178 3853 Euellagcn
1187 3789 1305 3855 dixeris,

280 3891 312 3945 π
325 3891 371 3944 π
404 3889 744 3960 ππππ
787 3856 1307 3987 clamememus}

229 3961 291 4014 ¹⁰¹¹·
306 3963 408 4014 “lm“
789 4005 824 4046 ra
847 3997 945 4059 crant,
989 3995 1079 4045 umen
1103 3995 1174 4046 odiis
1198 3995 1307 4046 incensi

269 4062 666 4135 uumrcturll’ropupnart
678 4074 746 4116 cre·
789 4063 869 4127 quest
890 4064 1025 4114 tollebant
1044 4063 1116 4115 fines
1136 4068 1255 4117 neturse
1278 4069 1310 4118 ct

225 4133 323 4188 dorca.
513 4169 518 4180 2
790 4133 992 4198 coniungerent
1005 4133 1151 4188 disiuncta
1182 4135 1272 4188 Dona.
