2854 4798
431 294 536 370 ιιιι.
557 295 608 368 ιι.
647 275 946 372 namra-aa.
1172 305 1256 373 ιι»

134 461 190 532 die
213 467 317 556 plena
337 471 643 559 propugnatoribus
667 473 818 559 moenia,
848 475 1017 562 fulgentes
1039 473 1142 542 armie
1162 475 1261 544 ri-oo.

134 560 251 658 risque
280 577 408 660 rumpi,
455 573 594 641 danaum
623 577 790 664 legionum
829 597 963 662 agmen,
1003 599 1123 665 aparaa
1151 599 1211 645 au·

132 673 292 742 :iliorum
316 697 451 757 mannan
474 679 596 744 altiora
618 701 788 752 murorum
809 681 945 766 eagittia
966 690 1026 747 aut
1045 681 1136 746 auxie
1158 681 1210 748 in·

89 804 93 813 ·
131 797 282 858 aeeeero,
306 781 458 864 reglaota
482 789 542 848 aut
558 795 642 851 ‘aevo
663 783 752 850 fluxa
769 783 953 850 comminue
976 783 1128 870 aggredi.
1149 783 1208 852 In·

131 887 257 965 gerunt
271 879 418 970 desuper
439 881 622 952 Othoniani
652 887 744 974 pila,
777 885 904 964 librato
928 887 1035 972 magia
1056 893 1093 954 at
1113 895 1206 954 nerto

128 983 200 1048 iatu
223 981 384 1053 odvereue
413 993 540 1056 murare
563 989 746 1066 subeuntes
773 988 927 1056 aohortee
951 987 1206 1074 Germanorum,
1246 999 1250 1010 ‘

127 1092 230 1154 oautu
249 1089 338 1156 truoi
358 1096 394 1156 et
420 1111 513 1157 more
534 1091 648 1180 patrio
668 1090 771 1157 nudie
792 1090 990 1180 oorpmibue
1013 1114 1116 1183 anper
1137 1095 1204 1161 iru-

128 1211 241 1258 meroa
260 1197 356 1258 route
378 1193 613 1280 quatientium.
655 1192 878 1279 Legionariua
897 1193 1024 1280 pluteia
1046 1203 1082 1264 et
1101 1199 1203 1264 orati-

127 1293 206 1378 bue,
221 1301 332 1360 teotue
362 1295 499 1362 eubruit
528 1317 662 1378 murae,
694 1297 834 1363 iustruit
864 1317 1037 1383 aggerem,
1065 1301 1203 1368 molitur

128 1403 257 1486 portae.
288 1395 416 1467 Contra
435 1397 642 1488 praetoriani
664 1398 848 1488 diepoeitoe
870 1401 914 1466 ad
937 1401 974 1468 iel
996 1401 1107 1488 ipeum
1130 1425 1201 1472 mo·

124 1502 216 1568 laree
237 1501 365 1585 ingenti
385 1501 531 1590 pondere
552 1523 590 1568 oe
611 1502 744 1588 fragore
758 1504 968 1592 provolvunt
1011 1503 1101 1572 Para
1118 1507 1200 1574 aub-

127 1604 278 1670 euutium
306 1603 437 1688 obruti3
471 1627 551 1693 para
572 1604 692 1670 oouiiri
721 1611 756 1670 et
782 1627 968 1694 exsangues
1002 1615 1062 1674 aut
1083 1609 1225 1702 laceri„

128 1729 203 1774 oum
228 1717 367 1794 augeret
392 1714 541 1794 stragem
563 1707 745 1798 trepidatio
766 1730 872 1798 eoque
894 1709 1005 1778 aerina
1031 1716 1200 1782 amoeni·

124 1813 189 1880 bua
209 1813 479 1894 vulnerarentur,
512 1809 644 1878 rediere
665 1811 808 1880 ininaota
832 1813 979 1901 partium
1001 1815 1102 1887 inmo.
1151 1815 1199 1885 Et

124 1915 267 1987 Garoinr
289 1914 417 2006 pudore
441 1922 580 2002 coeptae
607 1921 733 1980 temere
752 1916 1027 2005 oppugnationis,
1056 1939 1098 1986 na
1118 1918 1198 1988 irri-

124 2043 186 2089 ιιι
218 2043 257 2088 ao
273 2039 383 2088 ιιιιιιι
413 2016 520 2084 iudam
545 2019 668 2086 eretria
696 2019 878 2101 arrideret,
904 2021 1046 2087 traieeto
1075 2043 1196 2091 rureue

122 2123 218 2194 Pado
240 2121 437 2192 Cremonam
468 2128 584 2210 petere
614 2119 771 2192 intendit
819 2121 1009 2190 Tradidere
1038 2128 1115 2192 eee'a
1136 2126 1196 2192 ala-

122 2229 216 2294 eruti
244 2225 410 2292 Turuliue
437 2223 582 2294 Cerialia
613 2245 687 2292 num
718 2226 948 2316 eompluribua
974 2227 1130 2295 eiaeaioie
1159 2237 1196 2297 et
1276 2273 1277 2282 ι

121 2327 231 2397 lolius
255 2327 470 2414 Brigantinus
491 2335 565 2394 num
590 2331 707 2417 paueia
728 2329 897 2416 equitum,
927 2328 981 2393 hio
1003 2331 1195 2418 praefectus

121 2433 215 2514 alae,
245 2432 282 2496 in
304 2429 444 2498 Batavis
465 2432 616 2516 genitus,
645 2433 705 2499 iilo
733 2430 953 2520 primipilaria
973 2437 1008 2496 et
1032 2429 1193 2504 carrione

120 2535 210 2604 haud
231 2535 378 2620 alienun,
400 2531 490 2622 quod
511 2533 646 2603 ordiner
667 2536 703 2604 iu
726 2533 906 2604 Germania
929 2529 1083 2608 duxerat.

218 2669 276 2738 23.
307 2665 476 2756 Spurinna
499 2675 668 2754 aomperto
689 2669 811 2736 itinero
832 2665 999 2748 huetium,
1020 2665 1190 2737 deieneam

120 2769 327 2842 Placentiam
349 2789 503 2858 quaeque
525 2779 598 2836 anta
623 2779 658 2838 et
680 2771 761 2860 quid
779 2769 921 2842 Gaeoina
944 2778 1092 2862 pararet,
1115 2771 1191 2840 An·

119 2875 212 2944 nium
234 2873 370 2944 Gallum
390 2893 452 2962 per
474 2873 608 2941 litterae
631 2874 743 2947 dooet.
794 2873 914 2943 Gallue
934 2874 1098 2962 legionem
1119 2875 1191 2966 pri-

186 3067 218 3121 c.
235 3069 279 3120 22.
311 3067 436 3134 maore]
459 3065 492 3118 ln
508 3069 564 3118 tto.
580 3067 661 3134 farrea
676 3065 803 3136 maore,
821 3067 1025 3134 tlttogropniae
1041 3067 1123 3122 vitto.

117 3205 228 3260 etiamet
247 3217 314 3256 enoe
332 3205 442 3268 utrique
455 3206 539 3256 duoee
554 3205 633 3256 cela-
674 3215 738 3256 nam
749 3203 885 3268 legionem
891 3203 1012 3258 Caenina
1022 3207 1111 3258 multe
1123 3203 1189 3258 mil-

117 3279 235 3330 orarent
247 3275 428 3338 diversaeque
440 3275 523 3326 durae
536 3275 633 3336 onlpa-
674 3274 715 3324 lta
733 3273 883 3327 electorum
898 3288 932 3325 ex
952 3275 1016 3326 aliia
1035 3277 1190 3341 legionibus

96 3339 200 3411 ἰωή,
218 3347 310 3394 tamen
329 3345 414 3395 multo
432 3343 557 3395 crebrius
571 3343 632 3393 oui—
674 3344 807 3411 uinceret,
831 3343 878 3406 qni
898 3345 970 3394 haud
989 3343 1069 3396 dubie
1091 3346 1122 3396 in
1143 3346 1189 3396 la-

116 3414 313 3477 pertorquent
331 3414 516 3464 oelebrabant.
529 3413 632 3474 Nempe
674 3411 784 3476 giorum
810 3425 941 3464 numeror
965 3413 1110 3476 oompoeiti
1135 3429 1189 3478 pu-

117 3483 163 3533 nio
183 3483 246 3532 erat
270 3481 423 3532 animorum
448 3483 574 3548 habitae,
601 3485 632 3532 nt
673 3491 797 3544 gnavare
810 3493 864 3532 uae
880 3481 973 3545 eperat
986 3495 1048 3534 oum
1063 3482 1187 3535 auxiliis.

116 3551 191 3614 apua
209 3552 342 3612 umorque
360 3551 450 3600 odium
469 3551 532 3612 plue
548 3551 628 3601 vaie-
671 3549 795 3601 watra.

115 3619 454 3752 :attaminat
473 3621 505 3738 :t
523 3619 630 3740 iit
672 3649 1189 3782 „gagg-„ggggggg

116 3757 204 3809 oriter
217 3768 284 3808 euoe
297 3755 379 3806 tuear
394 3756 527 3806 amarent.
672 3799 772 3838 mm
790 3787 873 3839 ⁰⁰¹⁰„
893 3789 941 3838 nl
968 3791 1097 3851 mom
1124 3793 1189 3850 pm

167 3855 200 3909 (i.
216 3859 260 3908 ²².
293 3857 568 3924 amoenorum]
593 3857 630 3907 itt
672 3857 763 3908 taceri
787 3855 905 3924 euetuli,
934 3858 967 3906 ut
989 3868 1062 3920 paro
1081 3853 1190 3919 conflat

115 3929 208 3978 ιιιιιιι
234 3925 343 3976 urlorrr
368 3927 473 3976 tautum
495 3925 630 3990 legionem
673 3927 824 3976 surrectum
848 3927 924 3976 areat
951 3926 1032 3976 verbi
1055 3925 1188 3982 rudiam

115 3997 210 4054 inbuit
227 3993 362 4058 Οιιοιιιι,
387 4007 458 4058 quea
480 3995 630 4046 undenor-
671 4005 736 4046 nam
747 3993 856 4059 emper
876 3994 938 4046 eeu.
952 3993 1018 4056 pitia
1033 4005 1120 4058 eoque
1135 4006 1186 4043 ex-

114 4063 628 4128 nmenepax.savm.}1.1‚oo.ve-
672 4073 793 4128 aauguae
828 4075 885 4115 non
919 4063 1009 4127 magia
1045 4063 1188 4128 perierant

113 4145 175 4186 ιιιιι
201 4137 314 4198 praeter
331 4145 413 4185 unam
432 4143 546 4196 amque
567 4133 629 4195 ple-
673 4143 754 4196 quam
765 4131 863 4184 laeam.
895 4131 985 4184 Doro.

148 4219 524 4286 wortunae-uocarunt.
547 4219 577 4268 τ.
591 4219 629 4270 11.
654 4217 686 4270 Ρ.
702 4217 725 4270 1.
994 4217 1017 4281 7
