2854 4798
443 291 599 386 nisan¹
642 288 764 364 cer.
786 295 977 363 ar-aa..
1193 301 1239 368 aa
1341 261 1344 270 ’

155 465 288 534 Minore
314 466 456 534 avaritia
485 489 523 533 ac
556 467 695 536 licentia
726 475 902 552 grassatus
931 477 1023 536 esset
1043 467 1147 538 Titus
1169 468 1283 544 Vise.

155 573 251 652 nius,
274 571 307 642 si
329 571 402 656 ipse
424 573 646 660 imperasset:
675 593 762 638 nunc
784 579 819 638 et
840 571 1011 638 subiectos
1034 595 1095 641 nos
1119 573 1236 642 hahuit

154 683 312 762 tanquam
334 697 431 756 snos,
454 683 489 741 ct
507 676 591 742 viles·
612 683 653 742 ut
675 677 814 756 alienos.
856 699 923 744 una
945 678 1006 742 illa
1020 675 1139 744 donnus
1162 677 1234 744 sul-

153 778 225 844 licit
254 777 433 860 donativo,
473 778 565 867 quod
592 779 689 847 vobis
716 801 884 866 nunquam
915 779 1017 846 datur
1045 787 1080 844 et
1109 779 1233 846 cotidie

150 881 387 968 exprobretur.
427 885 484 952 38.
506 884 560 950 Ao
582 905 623 952 ne
644 905 711 972 que
733 885 852 950 saltem
874 881 909 948 in
930 902 1128 948 successore
1150 881 1232 950 Gol-

149 983 212 1051 has
231 1006 310 1073 spes
333 991 443 1064 esset,
467 987 611 1052 accersit
633 988 675 1054 ab
699 987 801 1054 exilio
817 1007 916 1074 quern
938 984 1083 1052 tristitia
1105 991 1141 1051 et
1154 1007 1232 1052 ava·

148 1088 229 1154 nitio
252 1089 306 1154 sui
328 1087 537 1159 simillimum
557 1089 741 1159 iudicabat.
784 1087 954 1170 Vidistis,
975 1088 1232 1171 commilitones,

147 1191 293 1272 notabili
322 1197 523 1279 tempestate
560 1192 661 1260 etiam
691 1191 774 1269 deos
801 1192 982 1259 infaustam
1014 1189 1230 1280 adoptionem

150 1302 356 1365 aversantes.
408 1291 504 1362 Idem
534 1304 690 1376 senatus,
718 1292 807 1360 idern
837 1295 955 1382 populi
984 1293 1129 1366 Romani
1159 1295 1231 1361 ani-

151 1421 227 1466 mus
251 1405 317 1468 est.
367 1394 497 1464 Vestra
519 1398 627 1466 virtus
659 1405 875 1487 expectetur,
908 1397 997 1488 apud
1025 1420 1110 1487 quos
1132 1421 1229 1466 omne

148 1501 299 1570 honestis
322 1501 474 1568 consiliis
497 1501 620 1586 robur,
649 1510 685 1572 ct
709 1501 783 1568 sine
806 1502 929 1590 quibus
951 1502 1104 1590 quamvis
1133 1523 1229 1588 egro·

147 1605 203 1691 gie
225 1603 372 1672 invalide
395 1611 487 1673 sunt.
538 1603 617 1677 Non
642 1603 686 1672 ad
715 1603 839 1670 bellum
865 1626 923 1670 nos
945 1627 1005 1670 nce
1027 1604 1071 1672 ad
1096 1609 1227 1698 pericu·

144 1711 217 1776 lum
237 1727 336 1775 voco:
358 1710 506 1774 omnium
530 1709 675 1774 militum
699 1729 792 1788 erma
815 1707 988 1774 nobiscum
1011 1715 1102 1778 sunt.
1152 1707 1227 1780 Neo

145 1833 211 1878 use
233 1811 353 1878 cohors
375 1819 491 1897 togate
523 1808 674 1878 defendit
695 1832 782 1878 nunc
805 1809 969 1892 Galbam,
1001 1812 1063 1878 sed
1085 1811 1225 1882 detinet.

143 1937 219 1982 cum
243 1936 303 1982 vos
329 1914 516 2002 aspexerit,
551 1935 626 1982 cum
651 1917 783 2000 signum
805 1935 913 2004 meum
947 1916 1132 2004 acceperit,
1163 1917 1226 1996 lnoo

144 2022 253 2088 solurn
288 2017 354 2084 erit
390 2023 579 2098 certamen,
621 2019 699 2105 quis
736 2017 817 2084 rnihi
850 2018 1031 2106 plurimum
1070 2020 1224 2107 imputet.

142 2121 271 2190 Nullus
293 2121 500 2188 cunctationi
529 2121 626 2188 locus
649 2128 703 2190 cst
730 2121 764 2186 in
793 2141 833 2186 eo
857 2122 1018 2198 consilio,
1047 2123 1137 2210 quod
1157 2146 1224 2196 nou

142 2235 257 2314 potest
282 2223 416 2290 laudari
444 2223 512 2292 nisi
537 2229 746 2311 peractum.“
794 2223 945 2312 Aperire
967 2223 1087 2294 deinde
1115 2248 1224 2294 arnna-

142 2327 342 2398 montorium
373 2327 485 2396 iussit.
538 2328 651 2416 Rapta
682 2327 798 2394 statim
828 2348 938 2410 arma,
972 2329 1046 2394 sine
1073 2350 1165 2396 more
1187 2337 1223 2399 et

143 2431 261 2500 ordine
282 2430 442 2512 militiae,
464 2437 504 2496 ut
525 2431 760 2520 praetorianus
774 2438 833 2515 aut
852 2433 1059 2517 legionarius
1081 2432 1222 2520 insignis

143 2605 278 2668 temporis
293 2605 384 2666 spatio
399 2607 491 2656 locius
505 2607 607 2674 rapuit,
625 2619 659 2658 ao
702 2619 756 2670 que
776 2611 805 2658 et
824 2609 898 2673 togis
920 2609 1008 2658 induti
1034 2612 1133 2676 erant,
1165 2621 1221 2669 nen

141 2676 300 2728 dominatus
314 2675 436 2726 cinsdem
450 2677 557 2726 ualuas
578 2680 659 2728 auto
702 2677 789 2740 segis.
836 2679 990 2728 Modestiae
1010 2689 1097 2728 causa
1118 2679 1147 2726 id
1174 2681 1221 2730 in-

141 2749 238 2797 ritato.
271 2745 341 2795 Nam
360 2747 386 2794 is
404 2746 539 2807 plurimos
554 2759 589 2795 ex
608 2759 659 2808 pu·
701 2747 828 2797 stitutum
841 2747 968 2814 videtur,
987 2749 1015 2796 ct
1030 2750 1219 2812 ueMarspa-

141 2815 306 2867 tentissimis
320 2815 440 2864 Neronis
462 2815 571 2865 libertis
591 2829 658 2876 sup·
701 2817 758 2865 lam
787 2817 915 2866 habitare
942 2816 1084 2866 rideretur
1111 2817 1139 2864 in
1167 2829 1220 2869 sua

140 2887 227 2950 plinio
246 2885 389 2946 adenem.
429 2883 536 2946 Xipiil.
553 2883 658 2950 uxiu,
701 2887 779 2938 urbe.
805 2886 872 2936 ideo
895 2886 1018 2935 Martini·
1038 2886 1097 2948 vi,
1118 2885 1162 2937 76.
1184 2888 1219 2940 do

140 2959 167 3006 3.
183 2951 411 3006 suet.sa1n.15.
437 2955 659 3016 §incorruptum
703 2955 792 3004 Tusco
818 2957 962 3016 praelecto
985 2954 1136 3017 praetorii:
1164 2955 1219 3008 llio

141 3029 186 3075 est
197 3024 362 3090 perierunt,
381 3025 545 3086 suspicabor
558 3025 660 3086 potus·
702 3023 783 3074 socri
807 3023 914 3073 lotarie
937 3027 1034 3074 custos
1054 3023 1219 3091 Martisque

139 3097 213 3144 runt
238 3095 300 3144 scii.
329 3105 447 3156 rapere.
481 3093 595 3156 Lipsius
623 3105 659 3144 cx
701 3091 810 3159 topott,
834 3093 949 3144 credito
974 3092 1022 3145 cui
1043 3093 1146 3144 somno
1166 3107 1218 3146 co·

140 3165 175 3214 o.
194 3165 395 3228 paraverant,
420 3163 548 3212 Ritterus
567 3162 659 3225 petie·
701 3163 769 3214 stro
782 3163 869 3226 foere
881 3163 970 3212 duca.
1005 3164 1048 3212 Ex
1061 3164 1143 3215 Lars.

138 3235 214 3284 rant
241 3235 268 3282 in.
287 3245 312 3282 e.
334 3231 527 3295 oppetieruuir
561 3243 659 3296 quam-
751 3229 863 3294 siparum
879 3231 985 3289 meum]
1011 3231 1099 3293 Quale
1120 3230 1217 3298 inerit,

140 3313 222 3366 qnam
240 3299 270 3350 iu
289 3301 332 3350 inis
350 3302 476 3351 omuibus
497 3301 658 3362 piusquam-
701 3312 725 3350 c.
738 3295 783 3348 41.
794 3299 1019 3369 demonsatratur,
1039 3313 1100 3350 curn
1114 3302 1217 3351 Atilius

138 3370 443 3438 perisetnmdceidero,
460 3369 490 3420 in
502 3370 658 3433 perierunt
700 3367 828 3432 Vergilio
849 3369 1000 3432 dereptam
1018 3367 1122 3421 Gaiae
1143 3370 1217 3422 tma-

139 3453 195 3491 non
211 3439 285 3487 item.
305 3439 396 3489 Dono.
699 3437 1001 3506 ommaciontpttuit.
1035 3439 1127 3491 Dono.

190 3521 249 3556 ano
259 3507 310 3558 tito
323 3507 657 3569 domorJNamqncprae-
750 3505 835 3570 oum.
850 3543 857 3556 .
870 3507 1013 3572 imputet]
1037 3509 1147 3558 Dictum
1166 3521 1217 3558 ex-

139 3575 219 3626 dives
232 3575 333 3626 Vinios
348 3579 425 3639 erata
443 3577 500 3626 vid.
520 3589 545 3626 o.
559 3575 604 3626 48.
699 3574 829 3642 quisitius
856 3587 1028 3639 consequens
1055 3590 1106 3642 pro
1135 3581 1216 3627 antc-

191 3644 410 3704 coerceretur]
441 3645 582 3704 Tanquam
603 3645 656 3698 im·
699 3645 821 3696 cedente.
869 3649 974 3696 Sensus
995 3647 1054 3696 cst:
1078 3645 1140 3709 quis
1164 3659 1216 3714 pro

137 3713 262 3764 modeste
276 3723 295 3762 a
307 3712 395 3764 milite
408 3714 570 3776 flagitatum.
697 3727 742 3766 me
755 3713 849 3763 acrius
862 3714 1051 3768 contendendo
1065 3715 1171 3766 alliciat
1185 3717 1216 3766 ut

191 3779 223 3831 G.
239 3779 283 3830 38.
316 3779 421 3832 ociore
442 3784 563 3845 tonaio]
594 3785 654 3844 Ap·
699 3783 802 3846 alpius
818 3783 942 3835 debeam.
975 3783 1050 3836 usn.

135 3849 227 3912 pellet
240 3850 282 3899 ita
295 3849 373 3900 ‘uelut
393 3851 508 3900 elevans
524 3853 552 3900 st
572 3849 654 3901 infir·
749 3853 810 3904 sins
830 3865 912 3906 more
934 3853 1037 3914 ..otJ
1068 3851 1216 3902 sanatura

135 3931 234 3985 meus,
253 3918 319 3980 qnia
331 3917 417 3969 moris
430 3922 461 3968 ut
480 3919 653 3986 illaesione,
698 3933 754 3972 non
767 3933 883 3984 prorsus
890 3919 1016 3987 legitima
1022 3935 1032 3985 3
1050 3921 1154 3972 coaluit
1163 3933 1215 3986 po-

137 4000 210 4052 quae
221 4000 298 4038 more
312 3987 429 4040 miiitiae
443 3991 604 4056 excubabat,
626 3989 655 4038 id
698 3991 755 4040 tius
773 4003 824 4046 ex:
847 4006 905 4043 non
925 4002 1023 4056 more,
1040 3991 1090 4056 ot,
1115 3993 1143 4040 ct
1163 4003 1216 4041 ex:

135 4059 228 4121 ipsum
240 4060 349 4108 iaceret
362 4057 424 4108 sine
437 4058 534 4124 armis,
553 4059 655 4122 gladiis
698 4059 761 4112 sine
774 4072 856 4116 more
874 4061 918 4112 ilo
935 4061 970 4110 ot
985 4072 1043 4109 non
1057 4059 1218 4126 diatimque·

135 4131 244 4178 mutum
255 4127 417 4190 lanceisque
430 4129 570 4182 contenta.
595 4129 655 4184 iia-
698 4129 796 4180 retur.
850 4129 981 4182 ceterum
1007 4130 1217 4192 praetorianos

956 4207 1010 4276 38
