2854 4798
213 243 278 314 ltu
545 241 955 320 maronianum

161 414 353 484 oeoeelehat
384 417 571 486 sententiae
601 417 736 488 Paulini
766 421 895 488 Marius
918 419 1059 504 Celsum
1091 417 1181 488 idem
1211 423 1286 510 pls-

211 543 288 588 eere
310 521 424 590 Annio
442 521 561 604 Gallo,
583 517 707 613 pauoo's
732 532 809 592 ante
831 524 903 592 ‹lies
925 527 1025 613 lapsu
1044 525 1122 612 equi
1145 523 1284 610 affiioto,

210 625 308 692 missi
350 628 409 712 qui
439 628 620 694 'eonsilium
657 629 729 694 eius
773 627 1026 696 sciscitarentur
1068 629 1284 700 rettulerant.

211 729 304 796 Otho
334 751 462 817 pronus
490 731 534 799 ad
557 730 809 800 eleoertendum:
840 732 947 798 frater
968 731 1042 798 eius
1065 729 1225 800 Titianus
1247 741 1285 799 st

210 834 400 920 praefentus
419 837 581 923 praetorii
597 834 764 904 Prooulus
784 835 951 923 imperitia
973 841 1191 924 properantes
1212 835 1284 902 ior·
1423 859 1424 872 ¹

209 944 324 1004 tunam
348 946 384 1004 et
413 937 493 1007 eleos
515 947 550 1006 et
579 961 699 1006 numen
722 937 866 1006 Othonis
896 935 1015 1006 adesse
1036 937 1204 1020 oonsiliis,
1232 937 1283 1004 af·

207 1039 280 1106 lore
301 1043 475 1110 conatibus
504 1043 727 1112 assonantur.
775 1063 841 1108 neu
870 1041 946 1130 quis
969 1042 1100 1110 obviam
1126 1044 1177 1108 ire
1205 1061 1282 1108 een-

208 1145 335 1236 tentias
364 1144 521 1227 auderet,
555 1148 591 1214 in
606 1143 844 1222 ,adulationem
873 1151 1119 1214 eouoeeseront
1176 1141 1279 1212 Post-

208 1268 307 1334 quam
330 1249 473 1338 pugnari
496 1249 675 1334 placitum,
703 1237 868 1316 interanea
888 1270 1018 1338 pugnae
1042 1251 1279 1339 imperatorem

208 1371 249 1416 an
278 1353 397 1438 seponi
425 1351 545 1420 melius
574 1353 663 1418 foret
691 1350 897 1422 dubitavere.
947 1350 1092 1421 Paulino
1121 1360 1156 1420 et
1178 1349 1279 1421 Celso

207 1455 273 1520 iam
297 1477 362 1522 non
384 1455 654 1539 adversantibus,
685 1477 726 1522 ne
748 1455 931 1543 prinoipem
953 1457 1119 1524 obiectare
1148 1455 1281 1544 perieu-

206 1557 252 1625 lis
278 1558 488 1642 viderentur,
525 1557 626 1626 iidem
658 1559 712 1626 illi
745 1558 923 1626 deterioris
958 1561 1090 1628 consilii
1123 1567 1280 1626 auctores

206 1663 404 1750 perpulere,
424 1671 463 1730 nt
483 1661 669 1730 Brixellum
695 1660 909 1745 conroderet,
940 1685 977 1730 eo
1001 1663 1114 1731 dubiis
1133 1663 1279 1753 praelio·

206 1786 282 1832 rum
302 1775 476 1855 exemptus
498 1789 646 1834 summae
668 1787 778 1834 rerum
801 1774 837 1832 et
866 1766 1000 1856 imperii
1020 1789 1057 1834 se
1087 1769 1196 1858 ipsum
1225 1787 1278 1832 re-

206 1878 368 1940 servaret.
423 1869 461 1939 Is
491 1871 621 1958 primus
650 1870 724 1941 dies
754 1869 963 1938 Othonianas
998 1879 1114 1960 partes
1146 1871 1278 1938 afflixit.

205 1971 362 2060 Namque
383 1979 419 2040 st
436 1995 510 2040 eum
531 1975 607 2063 ipso
632 1975 876 2062 praetoriarum
897 1973 1083 2040 cohortium
1105 1983 1140 2040 et
1158 1994 1279 2064 speon·

205 2077 350 2143 latorum
377 2078 592 2164 equitumque
619 2075 729 2143 valida
761 2097 877 2145 manus
904 2077 1079 2161 eliserunt,
1106 2085 1142 2146 et
1170 2099 1278 2146 rema-

134 2224 136 2252 .
205 2181 352 2246 nentium
384 2181 514 2248 fruetus
550 2182 701 2258 animus,
735 2180 867 2268 quando
904 2185 1054 2270 suspsoti
1086 2180 1208 2264 dures,
1241 2189 1278 2248 et

206 2282 317 2369 Otho,
351 2283 405 2350 oui
431 2284 489 2350 uni
512 2281 601 2370 apud
630 2284 770 2350 militem
795 2281 897 2366 fides,
928 2284 1064 2351 dumet
1089 2287 1164 2374 ipse
1192 2309 1276 2354 non·
1420 2293 1424 2328 ⁴

204 2387 272 2454 nisi
293 2386 457 2454 militibus
479 2385 605 2468 eredit,
626 2387 765 2474 imperis
788 2387 907 2454 dunum
931 2389 1057 2456 ineerto
1079 2391 1277 2478 reliquerat.

304 2495 360 2562 34.
401 2490 499 2560 Nihil
520 2511 633 2556 eorum
654 2489 857 2558 Vitellianos
885 2492 1044 2574 fallebat,
1080 2493 1208 2560 enebris
1236 2502 1277 2562 ut

202 2597 238 2665 in
260 2597 352 2664 oivili
379 2596 468 2664 hello
492 2594 707 2680 transfugiis:
730 2602 766 2660 et
787 2598 1017 2685 exploratores
1039 2617 1119 2664 eura
1141 2581 1274 2668 diversa

202 2699 396 2769 eeleritandi
417 2721 478 2766 sue
499 2719 565 2765 non
587 2697 811 2767 oooultabent.
850 2699 967 2788 Quieti
990 2702 1174 2789 intentique
1190 2701 1275 2774 Gae-

201 2805 276 2873 oina
299 2829 336 2872 ao
351 2803 491 2884 Valens,
513 2801 646 2890 quando
663 2803 771 2871 hostis
793 2803 1017 2890 imprudentia
1039 2815 1162 2887 rueret,
1184 2807 1273 2896 quod

200 2911 275 2976 loeo
304 2909 488 2998 sapientiae
516 2915 587 2987 est,
621 2909 761 2974 alienam
792 2909 974 2976 stultitiam
1003 2909 1274 2998 opperiebantur,

147 3022 150 3031 “
200 3013 355 3080 inolnoeto
376 3021 476 3102 ponte
499 3012 678 3078 transitum
702 3009 787 3078 Padi
809 3011 1007 3080 simulantes
1029 3013 1192 3082 adversus
1213 3037 1273 3104 op-

200 3117 345 3207 positam
380 3116 603 3204 gladiatorum
642 3137 796 3194 msnum,
838 3137 877 3182 oo
913 3137 954 3184 no
990 3118 1139 3206 ipsorum
1176 3121 1273 3189 miles

269 3293 299 3345 c.
320 3296 364 3346 83.
399 3306 524 3346 sommus
542 3293 601 3344 rut.
621 3306 656 3344 ex
674 3293 707 3344 (t.
732 3295 770 3344 At
788 3297 825 3344 Μ.
849 3307 909 3346 enm
932 3293 1221 3364 reliquissemus,
1245 3301 1270 3348 n.

234 3377 261 3415 e.
279 3365 308 3412 in
325 3375 473 3428 summam,
495 3375 552 3413 non
568 3363 700 3416 deterius.
734 3363 799 3420 vlt.
818 3365 847 3415 in
864 3367 935 3415 nnn.
953 3365 992 3433 11,
1013 3365 1058 3418 8⁰.
1075 3367 1197 3418 sumtum
1214 3367 1273 3428 [tn]

133 3451 139 3460 ¹
233 3445 324 3484 aarum
1033 3455 1037 3466 ¹

234 3600 246 3652 ὖ
269 3531 380 3652 iocerpp
398 3543 433 3582 ox
452 3532 507 3582 lta
525 3529 674 3597 revocent,
693 3533 723 3583 ut
744 3531 768 3600 1,
786 3531 829 3584 68.
864 3532 924 3598 ipat
940 3533 1032 3585 medio
1047 3532 1123 3600 oapi.
1157 3537 1195 3586 At
1212 3537 1273 3588 edd.

247 3616 265 3652 o
281 3614 344 3652 moe
378 3615 406 3652 o.
706 3643 709 3650 .

252 3736 284 3790 c.
298 3741 341 3789 ³3.
375 3737 488 3804 repent]
508 3736 622 3787 interim
636 3749 714 3789 amo·
809 3739 993 3801 urmatten]
1025 3739 1113 3792 Hodie
1143 3740 1274 3794 narseus

201 3809 263 3861 vert
278 3807 646 3874 etgrovtssimtstenporum
655 3820 714 3860 nro-
757 3817 808 3858 sen
819 3809 971 3862 umorue.

201 3878 302 3930 mentis
316 3877 476 3930 reservari:
492 3879 523 3927 nt
537 3880 604 3942 Agr.
617 3877 661 3926 31.

253 3947 398 4000 obiectare
408 3945 560 4011 portentis]
580 3946 623 3996 lta
635 3946 715 4010 virg.
810 3945 841 3997 G.
862 3944 907 3998 ³4.
946 3947 1082 4007 diversa]
1101 3947 1135 4000 n.
1151 3961 1176 3998 e.
1203 3957 1274 4010 quae

201 4017 272 4068 Aen.
281 4017 319 4084 ΙΙ,
326 4015 388 4070 751.
406 4016 498 4084 Caput
509 4016 654 4070 obiectare
665 4027 717 4081 pe·
760 4017 794 4066 ub
809 4017 1115 4084 annumerarentur,
1140 4019 1171 4066 ut
1189 4029 1214 4065 o.
1227 4015 1273 4068 75.

201 4083 292 4138 rtotts.
760 4083 810 4138 Eo
823 4085 938 4140 dtoereo
949 4089 1087 4151 paratust
1102 4085 1272 4154 praemon.
