2844 4794
206 211 291 303 Δ48
439 227 443 236 '
606 229 949 304 GERMANIAE

246 401 329 493 quid
358 403 448 472 inter
477 402 644 474 Prurinos
672 406 872 498 Fennosque
906 409 1066 476 silverunt
1097 431 1136 478 ao
1166 411 1361 480 montium

246 509 410 596 erigitur,
429 511 619 577 latrociniis
641 521 830 599 pererrant.
873 511 923 580 lli
945 519 1056 580 temen
1078 513 1170 580 inter
1187 513 1359 584 Germe-

245 635 307 681 noe
332 612 447 702 potius
469 614 682 698 referuntur,
716 616 796 704 quie
820 624 856 684 et
877 615 994 684 domos
1016 617 1146 704 lingunt
1173 626 1214 686 et
1239 631 1356 688 senta

245 725 381 806 gestant
418 724 453 783 ot
486 716 607 806 pedum
642 741 707 784 usu
739 743 778 786 ae
812 720 1011 809 pernicitate
1040 720 1210 806 gundentg
1247 747 1353 812 quae

245 821 356 888 omnia
378 818 512 888 diversa
536 821 704 890 Sarmatis
734 828 817 890 sunt
845 823 880 889 in
911 824 1067 911 plaustro
1095 846 1260 914 equoque
1298 831 1352 896 vi-

245 925 411 995 ventibue.
461 923 587 992 Fennis
615 927 700 993 mire
730 925 869 1008 teritus,
900 925 997 992 looda
1025 935 1234 1017 paupertas:
1272 951 1348 998 non

246 1051 350 1110 arnna,
374 1048 438 1094 non
454 1030 544 1116 eqni,
564 1051 630 1096 nen
651 1037 808 1118 penates3
830 1029 932 1096 sietui
953 1029 1068 1114 herbe,
1093 1033 1239 1099 vestitui
1265 1035 1350 1124 pel-

243 1137 314 1220 las,
336 1131 447 1198 eubile
468 1133 601 1201 humus.
651 1135 725 1200 sola
753 1135 788 1199 in
811 1133 950 1219 sagittis
978 1155 1076 1220 apes,
1105 1156 1191 1223 ques
1216 1135 1346 1228 inopia

243 1239 326 1306 lerri
348 1237 483 1304 ossibus
505 1243 676 1328 asperent.
729 1235 884 1324 idemque
905 1244 1046 1304 venetus
1074 1237 1165 1306 viros
1192 1243 1345 1328 puriter

244 1365 282 1408 ee
317 1341 458 1408 ierninae
489 1343 569 1409 elit:
601 1341 728 1430 possim
757 1343 844 1406 enim
870 1341 1093 1420 comitantur,
1125 1351 1342 1432 partemque

243 1443 389 1536 praedae
412 1449 543 1533 petunt.
585 1465 645 1510 nae
659 1442 752 1510 eliud
774 1443 958 1511 infantibus
980 1445 1126 1512 serarum
1146 1446 1341 1516 imbrium-

243 1571 309 1638 que
332 1547 512 1634 suffugium
543 1568 641 1635 quem
671 1554 711 1613 ut
742 1547 776 1613 in
800 1547 913 1636 aliquo
940 1569 1109 1616 ramorum
1132 1571 1221 1616 nexu
1246 1575 1339 1621 ron·

243 1661 413 1742 tegantur.
463 1651 526 1716 huo
549 1648 691 1716 redeunt
718 1650 872 1733 iuvenes,
900 1651 961 1716 hor
986 1673 1103 1718 senum
1125 1663 1337 1743 receptaru-

241 1761 326 1826 lum.
368 1753 429 1822 sed
450 1753 583 1818 beatius
608 1754 818 1822 arbitrentur
838 1777 936 1842 quam
961 1754 1266 1845 ingenuaeque,
1287 1763 1334 1827 il-

242 1861 398 1930 laborara
420 1855 594 1938 domibus,
625 1878 705 1923 suas
730 1858 923 1944 alienusque
944 1858 1098 1926 lortunas
1128 1883 1189 1949 spe
1215 1871 1331 1930 metu-

241 1987 306 2055 que
328 1981 475 2030 versare.
518 1962 630 2027 securi
651 1961 811 2029 adversus
835 1961 1002 2045 homines,
1023 1966 1134 2030 securi
1157 1963 1328 2033 adversus

241 2071 342 2148 deos,
372 2087 442 2132 rem
466 2063 698 2132 dillieillimorn
722 2065 869 2132 assecuti
897 2072 997 2146 sunt,
1025 2075 1065 2132 ut
1087 2067 1158 2135 illis
1180 2089 1223 2133 ne
1243 2078 1325 2136 roto

240 2171 373 2264 quidem
402 2190 485 2258 opus
509 2175 612 2236 esset.
654 2165 774 2234 Cetera
798 2167 864 2234 ianr
888 2166 1062 2236 fabulose:
1089 2169 1266 2238 Hellusios
1287 2177 1325 2237 et

1214 2272 1323 2341 Oxio-

306 2446 410 2514 proum
427 2457 482 2498 usu
498 2443 622 2508 Lipsius.
655 2444 693 2494 nt
709 2443 786 2495 MSS.
803 2443 934 2510 peditem
949 2456 1022 2514 eeu,
1040 2445 1087 2495 vel
1101 2447 1251 2512 pecudeae.

241 2629 325 2668 uuum
339 2615 501 2678 subiectum,
515 2611 658 2662 (lellciente
671 2621 756 2674 pree-
850 2609 997 2678 tnqemere
1008 2613 1103 2680 apris]
1123 2617 1166 2666 llx
1182 2617 1266 2668 Luer.
1278 2619 1314 2680 V,

239 2688 342 2738 dicate.
378 2685 561 2748 Requirerenr
575 2694 643 2732 seno
663 2679 756 2732 οιιιιιὲ-
799 2679 862 2729 209.
885 2681 1070 2734 Virtomane
1091 2717 1120 2732 .·
1141 2687 1316 2739 oitoicorsro

238 2755 298 2807 laer.
358 2757 434 2820 Ergo
467 2751 580 2803 restitut
610 2749 756 2802 connubiis
798 2751 894 2800 oottdo
908 2753 1045 2804 consueto
1060 2752 1167 2804 Menti
1189 2755 1314 2821 meare-
1385 2761 1386 2764 ’

237 2823 356 2889 mento,
383 2827 408 2875 tr.
424 2835 449 2872 o.
471 2822 600 2886 quonlam
619 2819 756 2870 connubio
798 2821 994 2871 reotterrom
1005 2823 1115 2886 prosata
1127 2826 1313 2887 proscindere

236 2895 395 2958 pronrleeua
425 2892 500 2942 inter
535 2903 585 2941 ees
613 2891 753 2940 ineuntur.
798 2889 923 2956 aratris,
942 2890 1008 2940 rull.
1023 2892 1102 2957 virg.
1119 2891 1188 2959 e.1,
1201 2890 1246 2944 ll.
1385 2889 1386 2894 ’

236 2965 328 3016 Dour.

291 3031 417 3096 finqoot]
429 3030 453 3080 ll
466 3029 524 3078 luto
539 3027 648 3077 sellleet
660 3027 691 3076 ut
705 3039 755 3076 rn-
849 3037 918 3076 suot
932 3059 938 3073 .
954 3031 1114 3090 ‚orreoreJ
1135 3029 1238 3080 senms
1251 3033 1308 3080 est:
1385 3095 1386 3098 Ἴ

237 3099 302 3149 sttui
326 3099 433 3162 nostri,
464 3111 525 3148 eum
550 3097 695 3146 sarmatae
725 3095 755 3145 ln
797 3105 853 3144 non
879 3099 997 3146 versant
1023 3098 1140 3164 animle,
1178 3101 1308 3163 quomedo

235 3169 371 3231 plaustris
382 3169 468 3231 figent
481 3169 646 3229 vehantque,
659 3177 677 3216 e
691 3165 753 3228 qul·
797 3175 876 3213 suem
893 3165 1010 3228 quisque
1024 3167 1163 3218 fortunent
1176 3170 1306 3234 emendet,

237 3239 286 3290 bus
302 3237 368 3286 illos
381 3237 497 3298 populos
514 3239 565 3286 laec
585 3235 694 3285 nemine
709 3235 753 3283 ell-
796 3232 915 3282 ellenem
937 3247 987 3285 suo
1008 3249 1069 3285 eum
1087 3238 1166 3288 luere
1193 3240 1306 3289 subver-

235 3309 312 3356 serte
332 3305 485 3370 distinguit.
520 3306 567 3354 sle
586 3305 658 3365 opud
672 3303 752 3355 ovid.
796 3303 853 3366 tut,
871 3307 1001 3366 tanquam
1015 3305 1088 3356 luter
1103 3319 1180 3368 spen
1195 3311 1305 3359 metun-

234 3375 313 3427 nest.
336 3375 442 3440 1,158.
468 3373 584 3423 hirundo
603 3375 653 3423 suo
673 3374 752 3422 trabe
795 3383 848 3434 que
885 3377 1017 3434 perpetuo
1052 3389 1216 3440 suspensum
1244 3390 1303 3428 esea

234 3446 311 3496 celse
329 3445 437 3494 luteum
450 3440 534 3508 finqtt
553 3454 639 3511 epus,
663 3443 753 3492 omni·
795 3451 862 3503 pers
876 3441 914 3489 sit
928 3443 1113 3511 beatitudinis,
1132 3447 1179 3509 qul
1194 3450 1302 3498 moeret

233 3527 325 3577 noque
339 3523 407 3563 eves
421 3511 532 3579 prspere
550 3513 632 3562 nidor
654 3511 752 3562 dieun—
794 3513 963 3560 urbanorum
983 3514 1119 3564 hominurn
1139 3519 1222 3578 etqua
1238 3517 1301 3568 adeo

234 3587 281 3635 tur
300 3583 373 3644 apuu
391 3583 449 3634 cie.
465 3581 544 3633 oret.
558 3583 597 3650 ll,
617 3583 644 3632 6.
679 3583 750 3631 Erue.
794 3580 989 3647 numanitatis,
1026 3584 1077 3632 sed
1102 3597 1153 3636 suo
1176 3589 1299 3652 oeuteutl,

233 3654 347 3716 Lipsius
362 3651 455 3720 lipemt
469 3651 573 3703 intullt.
600 3651 664 3701 vid.
678 3653 749 3702 Anu.
793 3649 912 3699 eliorum
932 3650 1081 3717 incuriosi,
1107 3655 1300 3719 tranquillitate

233 3723 316 3787 xlll,
331 3719 376 3772 54.
792 3718 878 3769 enimi
891 3719 978 3770 vitem
991 3723 1111 3772 trahunt.

284 3789 444 3848 sarmatis]
460 3787 579 3841 Dotlvus
592 3789 644 3837 est.

287 3861 394 3910 restores
407 3861 560 3924 asperano]
579 3859 612 3906 ll.
627 3871 651 3907 e.
665 3869 749 3920 espe-
843 3857 941 3906 seeurl
964 3857 1106 3911 adversor
1127 3860 1214 3922 cleos]
1244 3861 1299 3912 Non

231 3928 272 3978 rls
295 3929 405 3979 ossibus
427 3929 585 3990 instruunt,
608 3927 663 3977 olio
683 3931 750 3978 s'en-
792 3937 846 3987 quo
859 3925 952 3975 nullos
966 3928 1090 3993 credant,
1112 3931 1163 3980 sed
1177 3931 1297 3992 quodni-

229 4009 264 4046 ιιι
293 3999 393 4048 dietum
421 4010 504 4060 quarn
526 4001 597 4048 nun.
616 3997 681 4064 XV,
704 3993 747 4049 54.
793 3995 832 4042 lull
853 3995 1014 4045 trahentibus
1034 3997 1156 4050 adiuuere
1178 3999 1216 4050 dii
1236 4001 1298 4052 nihil

229 4064 384 4135 Monam
396 4067 534 4132 asperare
547 4079 629 4120 rouo.
791 4067 918 4126 possunt.
952 4065 1023 4116 Eure.
