2854 4798
266 319 270 328 δ
377 251 382 257 -
421 222 597 297 nrurr.
640 222 940 298 aar.ee-eo.
1156 227 1223 302 roe

150 417 215 487 que
243 397 372 468 humum
396 399 477 488 pilis
502 405 538 466 ot
562 399 688 468 lenosis
717 399 939 470 rimabantur.
988 416 1065 464 nam
1086 393 1266 464 Velensea.

150 502 260 570 seruili
281 509 375 574 reste
395 503 485 590 epucl
504 499 715 570 teneriorem
736 499 1096 592 equitum.tegebotur.
1128 497 1219 568 Tum

150 603 291 674 Alfenus
315 604 430 673 Verus
454 608 643 694 praetentus
674 615 880 690 aestrorum,
909 604 1112 690 deflagrante
1134 623 1217 690 peu·

146 707 243 774 latim
269 707 432 777 seditione
463 708 562 776 abdit
591 710 786 790 eonsilium,
817 709 932 778 vetitis
963 707 1058 774 obire
1080 705 1216 792 vigilias

147 811 410 894 centurionibus,
439 809 575 880 omisso'
592 814 694 880 tubae
721 833 822 894 sono,
850 835 917 900 qup
939 811 1038 880 miles
1061 807 1105 876 ad
1133 809 1216 876 belli

146 914 257 980 munia
288 914 407 986 oietur.
463 913 576 1002 lgitur
602 924 739 1004 torpere
767 917 905 997 annoti,
936 914 1215 1001 circumspectare

108 1077 111 1084 .
145 1016 235 1086 inter
254 1039 292 1084 se
315 1016 452 1086 attoniti
471 1025 507 1084 et
527 1015 565 1084 it
584 1017 712 1104 ipsum,
733 1017 832 1105 'quad
854 1039 950 1092 remo
974 1025 1126 1104 regeret,
1154 1037 1214 1104 pa·

143 1125 271 1190 ventes.
311 1121 463 1201 silentio,
486 1120 666 1209 patientia,
685 1131 855 1209 postremo
877 1119 1033 1208 praeibas
1055 1117 1214 1186 0010001-

144 1225 208 1292 mie
236 1224 361 1298 reniam
387 1223 603 1314 quaerebant.
651 1231 691 1290 ut
706 1237 795 1292 'varo
817 1223 977 1290 deformis
1006 1229 1042 1290 at
1068 1223 1150 1290 tiens
1178 1226 1214 1286 at

142 1334 279 1416 praeter
296 1349 387 1414 epam
409 1325 585 1397 ineolumis
598 1325 726 1394 Valens
746 1327 930 1420 procurrit,
950 1324 1128 1412 gaudium,
1150 1324 1212 1390 mi·
1353 1312 1356 1320 ’

141 1430 286 1510 seratie,
312 1430 423 1498 laver:
455 1429 545 1496 versi
569 1429 602 1494 in
626 1429 808 1512 laetitiam,
841 1439 880 1504 ut
902 1440 956 1496 est
979 1430 1097 1515 volgus
1117 1411 1212 1494 u'tro·

140 1555 206 1622 que
235 1531 463 1614 immediaum,
492 1529 669 1598 laudantes
699 1541 940 1620 gratantesque
968 1529 1211 1606 eireumdatum

140 1635 265 1724 aquilis
288 1635 459 1724 signisque
482 1636 518 1702 in
546 1635 698 1704 tribunal
725 1638 850 1706 ierunt.
900 1633 968 1702 1110
991 1635 1069 1702 utili
1099 1631 1211 1722 merle-

138 1740 268 1808 rutiene
289 1761 354 1806 non
376 1738 578 1828 suppliaium
602 1741 798 1832 euiuequem
820 1739 992 1830 popoaait3
1014 1759 1053 1804 ae
1075 1759 1117 1804 ne
1140 1736 1211 1804 dis·

137 1844 300 1910 simulans
320 1843 509 1940 suspeetior
529 1843 636 1922 ierat,
660 1864 783 1930 pannea
804 1843 988 1924 inauravit,
1015 1861 1139 1928 gnarus
1161 1840 1209 1908 ai·

136 1947 261 2016 vilibus
284 1945 382 2014 bellis
412 1947 489 2036 plus
515 1945 682 2012 militibus
708 1967 808 2032 quarn
830 1945 971 2012 ‹lunibue
995 1945 1110 2012 linere.
1152 1947 1210 2014 311.

136 2049 364 2120 Munientibus
392 2057 503 2118 eastra
525 2047 614 2136 apud
634 2045 791 2128 Tioinum
819 2047 861 2116 de
881 2047 1022 2116 advena
1046 2045 1209 2118 Gaeainae

136 2175 248 2242 pugna
287 2153 442 2233 allatum,
484 2159 521 2218 et
550 2171 655 2241 prope
687 2159 845 2222 renovate
872 2151 1013 2232 seditio,
1048 2157 1208 2237 tanquam

135 2254 256 2324 fraudo
290 2261 332 2326 et,
353 2256 620 2326 annotationibus
650 2251 807 2322 Valentis
847 2255 976 2342 praelia
1010 2251 1208 2322 defuissent.

135 2360 226 2428 molle
246 2356 413 2444 requiam,
434 2379 501 2426 non
522 2365 697 2446 expectare
722 2355 850 2439 domm,
874 2361 1001 2424 anteire
1022 2356 1128 2441 signa,
1150 2375 1207 2420 ur-

134 2483 214 2550 gere
245 2459 434 2546 signiferos.
492 2459 611 2550 rapido
646 2460 777 2546 agmine
814 2459 978 2530 Caecinae
1013 2457 1207 2543 iangu'ntur.
1331 2465 1335 2485 ¹

134 2565 349 2652 improspera
381 2561 538 2630 Valentis
572 2565 662 2630 fama
698 2561 788 2651 apud
825 2563 1005 2630 exereitum
1043 2559 1206 2630 (leoninae

134 2677 227 2738 erut:
258 2663 428 2752 expositos
451 2685 488 2730 sa
510 2673 604 2732 tanto
629 2668 803 2756 paueieree
824 2667 965 2752 integris
985 2663 1133 2732 bestium
1158 2663 1206 2731 vi-

132 2772 228 2841 ribus
248 2765 490 2858 querebantur,
510 2767 612 2836 simul
633 2771 668 2836 in
689 2791 785 2838 suam
804 2769 1068 2850 exeusationem,
1089 2776 1125 2834 et
1146 2765 1206 2834 etl·

133 2871 339 2944 sententium
373 2870 478 2938 robur
506 2893 567 2960 par
594 2871 821 2941 adulationem
851 2871 1063 2952 attollentes,
1098 2891 1140 2938 ue
1166 2877 1226 2963 ut

133 2979 215 3048 viati
243 2982 278 3042 et
305 2974 417 3060 ignari
441 2973 727 3062 despectarentur.
778 2987 814 3043 et
835 2994 1022 3064 quanquam
1051 2974 1130 3064 plue
1156 2975 1205 3041 vi-

132 3083 239 3163 rium,
267 3099 373 3168 prope
393 3077 584 3166 duplieatue
607 3079 775 3165 legionum
798 3080 1063 3166 auxiliorumque
1089 3063 1205 3144 nume-

132 3211 192 3256 rus
221 3191 296 3252 erat
316 3181 473 3262 Valenti,
507 3179 620 3248 studia
650 3187 762 3250 tamen
792 3183 934 3250 militum
963 3183 998 3248 in
1027 3179 1205 3250 Gaeoinam

132 3289 355 3368 inminebant,
381 3305 483 3374 super·
506 3282 745 3370 benignitatem
770 3284 891 3367 animi,
921 3307 987 3373 qna
1016 3285 1204 3373 promptior

182 3439 264 3490 noea
285 3434 447 3494 cenobium]
468 3433 533 3484 scil.
559 3435 645 3488 leta-
688 3435 776 3488 turbis
789 3433 942 3486 revadiata
955 3433 1011 3500 uti,
1029 3447 1064 3484 ne
1076 3434 1205 3487 irrltaret
1268 3445 1277 3458 ·

132 3507 269 3575 gratiani,
299 3518 369 3570 quae
392 3507 490 3566 sponte
515 3505 543 3553 et
568 3507 644 3558 00110
688 3506 805 3571 animes,
818 3515 869 3554 nee
882 3517 980 3554 rursus
993 3504 1106 3554 silentio
1119 3515 1202 3566 prae-
1240 3557 1244 3565 ,

133 3579 291 3638 cuiusquam
303 3573 418 3625 00001110
429 3572 490 3622 ueri
504 3577 643 3633 eoeperet.
688 3575 775 3625 tertre
790 3575 895 3638 turbas,
913 3587 948 3626 00
956 3573 1122 3624 alsndestlni
1134 3586 1202 3624 oeu-

182 3647 324 3708 0100000]
346 3641 512 3692 adverbium
531 3643 591 3706 eet,
616 3645 645 3694 in
688 3643 746 3694 silli
758 3655 792 3695 00
805 3643 936 3695 subdolas
949 3641 1092 3694 dilationis·
1104 3655 1203 3704 suspe-

132 3718 276 3776 utrernqne
304 3711 425 3775 partem,
459 3722 515 3762 non
539 3721 590 3770 pro
614 3711 646 3764 te
688 3717 750 3764 etus
763 3715 855 3775 ereata
877 3711 980 3764 taetrae
992 3724 1028 3762 ne
1041 3709 1110 3762 nibil
1129 3711 1201 3762 ulei-

128 3787 266 3847 'otroqua
282 3811 317 3822 -
350 3781 415 3840 ittex¹
434 3780 563 3842 punctam
582 3783 646 3844 pest
687 3782 731 3834 eal
756 3783 915 3847 videretur,
945 3780 1067 3845 aliquot,
1097 3791 1201 3842 pausos

132 3852 313 3906 moeream
329 3848 437 3898 sustuli.
473 3847 563 3898 Dore.
687 3851 895 3918 mesquitam,
912 3849 1068 3917 meuserit,
1085 3849 1201 3902 univer·

183 3919 404 3988 gementesque]
417 3916 483 3968 Sall.
498 3916 561 3966 etis.
689 3931 738 3972 aar
750 3915 880 3972 absolvit.

1 4029 2 4034 1
182 4001 289 4056 perrea
301 3986 458 4048 1000000011]
472 3987 576 4038 Sensus
588 3987 647 4038 eet:
740 3987 830 4041 (130.
866 4001 923 4054 qaae
940 3983 1105 4052 mamutius·
1120 3985 1206 4040 boba·

134 4061 253 4114 uolebat
265 4057 372 4112 velem
391 4069 444 4110 nea
458 4057 542 4124 elgae
563 4057 649 4112 tantu
690 4057 791 4120 10000]
814 4057 949 4124 ambigue
964 4055 1067 4110 010100
1081 4059 1142 4124 eet;
1161 4058 1210 4114 aut
