2854 4798
437 261 541 334 ιιι.
561 259 592 336 ι.
627 257 749 334 cnr.
772 226 929 354 r‘a-,rn
1178 259 1223 329 os

140 439 328 522 virtutum,
350 437 430 528 quia
453 437 604 506 velocius
625 441 719 518 arat,
739 434 834 504 vitiis
856 432 1018 522 adeptus,
1038 429 1272 504 erudelitas-oo.

140 551 208 612 tem
235 563 330 626 rnox,
360 541 480 610 deinde
508 541 685 610 avaritiam
712 547 749 606 et
770 539 882 606 virilia
912 539 1041 604 seelera
1071 537 1223 604 erorouit

139 653 304 735 oorropto
326 643 371 714 ad
391 667 488 714 omno
508 645 638 712 iaainus
660 643 813 725 Nerone,
835 639 999 730 quaedam
1019 639 1135 728 ignaro
1161 661 1223 706 au-

139 773 220 834 sus,
251 773 290 817 ao
313 757 484 838 postremo
507 748 657 816 eiusdem
682 747 837 814 desertor
859 767 897 811 ao
918 742 1084 836 proditor.
1132 742 1222 810 uude

138 876 205 922 nou
234 856 338 922 aliurn
370 853 577 943 pertinacius
605 852 650 918 ad
679 873 817 940 poenam
848 848 1056 935 flagitavere,
1087 845 1222 916 diverso

140 957 284 1040 affeetu,
304 957 426 1045 quilius
449 955 561 1023 odium
585 953 733 1024 Neronis
755 955 866 1022 inerat
885 961 922 1018 et
945 951 1068 1040 quibus
1090 952 1228 1034 deside<

139 1062 241 1129 rium.
284 1058 391 1147 Apud
408 1057 548 1126 Galbam
565 1057 640 1126 Titi
655 1057 751 1125 Vinii
766 1057 915 1147 potentia
934 1053 1103 1138 defensus,
1123 1077 1222 1144 pras-

138 1163 286 1232 taxantis
310 1169 476 1230 servatoru
506 1163 550 1230 ab
579 1185 619 1230 eo
641 1163 759 1230 iiiia..
809 1169 845 1226 st
874 1157 964 1224 haud
985 1155 1086 1226 dubia
1107 1181 1222 1228 sarva·

139 1275 254 1348 vorat,
281 1287 347 1333 non
374 1267 570 1349 elementia,
598 1267 722 1356 quippe
750 1272 803 1332 tot
823 1260 1029 1344 inierieolis,
1056 1261 1118 1328 sed
1138 1253 1254 1330 aliu-'

140 1371 232 1458 ginno
265 1370 301 1437 in
328 1371 498 1452 loturum,
533 1371 613 1460 quia
641 1368 809 1460 passimus
837 1367 1000 1456 quisquo,
1033 1362 1222 1434 diffidentia

137 1473 367 1564 praesentium
408 1474 626 1540 mutationem
668 1493 811 1563 pavens,
852 1468 1013 1538 advorsus
1047 1467 1221 1557 publicum

139 1577 254 1645 odium
269 1577 433 1666 privatam
454 1578 598 1662 gratiam
622 1583 820 1666 prosperan
841 1572 929 1642 anolo
951 1574 1046 1641 nulla
1065 1573 1223 1642 innoeen-

140 1682 210 1749 tiae
231 1702 314 1748 eura
335 1677 397 1747 sod
420 1677 510 1746 vines
531 1679 757 1770 impunitatis.
805 1677 857 1748 Eo
880 1679 1042 1746 infensior
1063 1679 1222 1766 populus,

140 1782 257 1850 addita
280 1781 442 1850 advetus
465 1781 630 1874 Tigellini
659 1782 773 1852 odiam
801 1781 929 1848 reosnti
949 1779 1026 1848 Titi
1046 1781 1143 1850 Vinii
1171 1785 1224 1849 in·

138 1885 251 1970 viiin,
283 1907 482 1953 oonenrrora
506 1907 525 1952 e
548 1893 621 1955 tota
643 1889 728 1956 urba
750 1886 786 1954 in
815 1885 977 1976 palatium
1000 1907 1039 1954 ao
1067 1885 1159 1969 lora,
1185 1893 1223 1953 st

138 1991 201 2058 nbi
225 1991 371 2081 piurima
392 1989 483 2076 voigi
511 1991 665 2073 lieentia,
690 1992 727 2058 in
748 1990 873 2058 oiroum
902 2011 940 2054 ao
962 1989 1095 2056 theatra
1122 1987 1224 2057 effusi

139 2093 316 2162 seditiosis
340 2093 479 2162 roribus
501 2094 719 2186 obstrepere,
746 2093 849 2161 donea
869 2091 1062 2179 Tigellinus
1083 2103 1223 2183 aoospto

140 2196 234 2288 apud
262 2196 486 2268 Sinuessanas
517 2221 623 2288 squas
650 2219 828 2289 supremas
854 2195 1067 2264 necessitatis
1094 2197 1224 2278 nuntio,

139 2305 231 2371 inter
250 2310 370 2392 stupra
391 2303 649 2370 aouonlrinaruru
671 2311 708 2369 et
727 2301 843 2369 osenla
865 2305 901 2366 at
919 2299 1087 2368 deformes
1109 2321 1223 2369 moras

139 2406 246 2475 sertis
266 2407 428 2474 novaoula
449 2406 620 2488 laboibus,
642 2405 801 2472 infamem
823 2404 926 2472 vitani
949 2403 1097 2476 foedavit
1120 2405 1222 2472 etiarn

140 2510 236 2578 exitu
259 2527 338 2575 sero
366 2511 616 2580 et'iuluonssto.
663 2511 719 2580 73.
748 2505 818 2576 Ριι·
843 2507 933 2576 idern
961 2517 1095 2596 tenipus
1121 2529 1225 2600 expe

138 2614 271 2684 stolata
290 2611 334 2680 ad
361 2613 564 2704 supplicium
587 2611 706 2682 (iniria
729 2610 929 2701 Crispinilla
951 2611 1055 2680 variis
1077 2613 1224 2680 lrustra-

137 2715 290 2786 tionibus
308 2723 348 2784 'et
369 2714 510 2784 advorsa
527 2715 774 2786 dissimulantis
796 2716 960 2806 prinoipis
981 2715 1072 2784 isius
1090 2715 1224 2807 parion·

207 2925 239 2982 (l.
256 2927 300 2980 ⁷2.
335 2936 371 2978 aa
392 2925 541 2988 proditor]
566 2928 642 2979 liaeo
663 2927 751 2977 verba
767 2925 868 2977 desunt
891 2923 921 2978 lu
937 2924 1011 2988 spir.
1030 2925 1059 2976 et
1075 2925 1133 2976 iiis.
1151 2925 1222 2992 ling.

174 2999 217 3048 Ao
240 3007 310 3046 sans
333 2995 464 3047 desernit
488 2997 643 3061 'ligeiiinns
659 2997 815 3060 Naronem,
839 3006 896 3046 nou
918 2995 1066 3061 prodidit,
1089 2993 1146 3046 uisi
1169 2997 1223 3048 boo

173 3077 258 3116 senso
275 3075 329 3128 qao
346 3064 448 3116 dieitur
464 3068 591 3128 prodero
606 3077 658 3130 pro
676 3065 822 3117 deserere.
857 3065 911 3116 sed
929 3063 1156 3116 consuetudinem
1173 3077 1222 3116 se-

175 3133 224 3200 qui
239 3134 331 3200 potuit
347 3134 478 3202 dsoitus,
496 3147 568 3199 quas
588 3137 656 3187 baso
674 3137 759 3186 verba
776 3135 896 3186 libenter
913 3135 1064 3186 coniunxit
1100 3135 1192 3186 Doro.

193 3287 275 3341 (272.
288 3285 357 3352 onio
368 3287 495 3340 oeloom
508 3289 659 3341 eratoon·
701 3299 786 3338 soora
800 3289 868 3340 baso
880 3289 910 3339 ei
919 3288 1067 3340 multorum
1078 3288 1222 3340 eonieotn-

138 3357 223 3408 mstis
242 3357 362 3423 inolnsl,
380 3371 415 3408 na
428 3359 490 3422 quis
503 3361 572 3412 erat
587 3359 659 3412 ade·
701 3358 743 3408 ris
763 3361 880 3412 tentata.
915 3359 1049 3422 Sosoioor
1062 3360 1222 3422 transposi-

136 3429 208 3494 pisa
226 3427 408 3491 ooniungerot
428 3440 489 3478 enin
508 3430 568 3486 odd.
583 3428 659 3481 antl-
701 3427 778 3478 tione
792 3429 929 3479 adnibito:
947 3431 1027 3480 nulia
1039 3428 1221 3481 brnoosntios

138 3497 220 3560 qnis3
256 3497 383 3548 velocius
408 3497 576 3549 adlectivnnn
604 3501 657 3564 est,
701 3509 791 3562 euro,
809 3499 860 3549 aed
878 3497 1045 3550 nndsaloer
1064 3497 1223 3561 imposita-

137 3577 194 3618 nou
215 3563 383 3616 adverbium.
417 3565 508 3618 Dono.
703 3562 742 3618 tis
756 3565 1038 3630 seibsnerenturvel
1053 3568 1222 3634 nubantur.

190 3633 291 3686 atrata
309 3637 422 3686 seelera
450 3637 487 3685 ad
505 3635 660 3686 dolationes
703 3639 808 3686 Sensus
822 3639 882 3688 est:
905 3637 1079 3688 servaverat
1091 3649 1160 3688 sane
1174 3637 1223 3685 ’ri-

139 3705 169 3753 nt
190 3704 504 3770 cerdaniensium,
537 3707 660 3760 utnon.
703 3706 824 3769 gellinos
843 3705 929 3756 liliam
945 3706 1040 3772 Vinii,
1057 3720 1113 3758 non
1129 3707 1222 3756 tamen

138 3771 205 3838 XV,
226 3772 288 3836 50.;
310 3776 394 3823 anton
415 3773 532 3824 mollitie
553 3777 660 3824 tsntmu
704 3777 805 3826 adeotn
818 3777 847 3826 et
866 3775 958 3826 stadio
973 3775 1222 3826 iunocentinude-

140 3845 170 3892 ei
188 3841 308 3910 Multus
325 3844 469 3908 ramosus,
494 3845 523 3892 et
536 3845 567 3893 ut
580 3845 660 3894 vide·
702 3845 918 3912 tendendoruna,
942 3845 1043 3895 sedat
1066 3847 1181 3896 liaberet
1203 3855 1223 3894 a

138 3913 237 3974 batur,
255 3911 395 3963 eviratior
409 3921 491 3974 quain
502 3911 550 3974 qui
569 3911 660 3977 luipo·
704 3927 757 3978 quo
769 3914 896 3965 vicissim
913 3914 1104 3978 impunitatem
1122 3925 1222 3978 spara-

138 3981 228 4031 tontia
239 3981 344 4044 ailquid
357 3981 481 4032 auderet.
504 3981 598 4043 Nuper
609 3983 658 4038 lir.
702 3987 756 4034 ret.
790 3983 881 4036 Dono.

139 4050 174 4101 o.
187 4049 574 4104 (ittooiiioaoeierasuasit.
751 4053 1060 4118 Sinuessamnoisor]
1073 4051 1223 4105 Vidluu·

188 4118 658 4186 nussumnpoubaiblob-
701 4119 826 4190 ximo.
