2844 4798
213 265 262 334 bu
551 259 962 334 HlS'l'OlllARUbl

78 413 81 420 ’
165 436 271 506 caira
296 443 331 504 et
353 435 588 522 desperatione
609 437 708 504 dilati
736 441 861 505 totiens
885 436 1047 509 donatiui.
1095 441 1193 504 erant
1212 456 1300 524 quos

215 541 377 608 memoria
400 539 547 608 Neronis
568 563 606 608 ac
628 539 832 610 desiderium
854 541 982 630 prioris
1004 541 1160 608 licentiae
1182 563 1300 608 scoen-

214 643 322 714 deret.
364 644 592 711 incommune
613 665 728 711 omues
750 653 841 711 metu
862 643 1041 714 mutandas
1064 645 1206 711 militiae
1228 650 1299 710 ter·

212 747 387 816 rebantur.
431 750 484 817 26.
506 745 630 816 luleeit
648 769 688 815 ea
701 747 798 814 tabes
816 749 983 836 legionum
1001 755 1185 836 quoquest
1203 747 1299 816 euri-

214 853 337 919 liorum
361 855 469 916 motas
491 851 558 917 iem
580 858 726 933 menter,
756 859 935 943 postquem
957 853 1127 940 uolgatum
1151 859 1226 918 erat
1245 853 1297 918 le·

213 957 298 1022 bare
319 953 511 1023 Germanici
532 957 700 1022 exercitus
722 955 834 1024 iidem.
883 955 1034 1046 adeoque
1062 963 1182 1044 parata
1205 951 1297 1044 apud

213 1059 324 1126 mulos
346 1055 482 1139 seditio,
503 1058 604 1125 etiam
626 1057 716 1148 apud
736 1059 887 1146 integros
910 1058 1138 1127 dissimulatio
1159 1057 1237 1138 luit,
1256 1063 1297 1122 ut

213 1160 488 1253 posteroiduum
510 1161 702 1230 redeuntem
726 1183 745 1228 e
765 1184 846 1230 cena
868 1162 1035 1230 Othonem
1059 1162 1194 1248 rapturi
1222 1161 1296 1228 lue-

213 1266 302 1347 rint,
323 1266 360 1331 ni
382 1265 509 1332 incerta
530 1265 638 1332 noctis
660 1275 696 1333 et
723 1273 795 1334 tota
816 1267 900 1335 urbe
922 1287 1043 1357 sperae
1066 1263 1211 1338 militum
1239 1285 1296 1329 ca-

213 1380 287 1438 stra
309 1393 369 1436 nec
388 1369 521 1437 iacilem
541 1369 630 1435 incer
647 1372 849 1438 temulentos
870 1391 1068 1438 consensum
1089 1367 1295 1448 timuissent,

212 1495 279 1542 uon
301 1476 353 1542 rei
374 1473 528 1564 publicae
549 1493 647 1556 cure,
674 1495 773 1562 quarn
796 1473 931 1542 loedere
953 1471 1118 1562 principie
1139 1469 1195 1538 sui
1216 1491 1294 1536 sen-

213 1580 311 1666 gaiue
331 1579 438 1645 sobrii
460 1577 641 1665 parabant,
667 1577 728 1644 sed
751 1599 792 1644 ue
818 1599 878 1666 per
898 1578 1072 1658 tenebrae,
1093 1573 1294 1662 utquisque

211 1681 396 1752 Pannonici
417 1681 471 1748 vel
491 1678 681 1748 Germanici
703 1684 869 1749 exercitus
892 1681 1058 1748 militibus
1079 1677 1215 1744 oblatus
1238 1697 1293 1743 es·

212 1793 285 1868 set,
322 1783 554 1872 ignorantibus
581 1785 770 1874 plerisque,
802 1808 865 1874 pro
888 1785 1023 1852 Othone
1047 1781 1292 1850 destinaretur.

212 1889 322 1957 Multa
351 1887 558 1976 erumpentis
588 1885 766 1957 seditionis
800 1887 925 1956 iudicia
961 1909 1024 1979 per
1052 1886 1204 1952 conscios
1231 1905 1292 1974 op·

211 2014 348 2084 presse:
385 1990 546 2080 quaedam
578 1991 667 2081 apud
696 1993 824 2062 Galbae
855 2014 954 2060 sures
984 1988 1173 2080 praelectus
1200 1986 1292 2054 Laco

211 2097 332 2178 elusit,
352 2097 490 2182 ignarus
512 2093 708 2162 militarium
731 2097 934 2178 animorum,
954 2093 1153 2181 consiliique
1173 2113 1290 2180 quam·

211 2203 263 2271 uis
285 2199 428 2288 egregii,
449 2197 540 2288 quod
561 2221 625 2268 uon
646 2201 721 2288 ipse
744 2201 899 2283 efferret,
921 2198 1092 2280 iuimicus,
1113 2205 1150 2264 st
1173 2195 1290 2264 adver·

211 2327 272 2373 sue
293 2307 422 2402 peritos
443 2303 609 2394 pervicax.
658 2307 715 2375 2⁷.
746 2303 876 2371 Octavo
899 2299 1205 2370 decimocalcudas
1225 2297 1290 2367 Fe-

209 2409 365 2477 bruerias
393 2409 597 2476 sacrificanti
630 2400 693 2497 pro
722 2406 804 2474 aede
831 2407 1006 2494 Apollinis
1034 2403 1163 2474 Galbae
1188 2403 1291 2468 baru-

209 2535 293 2606 spex
313 2511 511 2581 Umbricius
531 2511 646 2578 tristia
668 2517 744 2577 exta
763 2516 798 2577 et
815 2509 980 2577 instantes
1003 2507 1146 2576 iusidias
1168 2527 1207 2573 ac
1229 2503 1290 2574 do·

208 2621 384 2686 mesticum
406 2617 536 2684 bostem
560 2613 740 2704 praedicit,
761 2611 917 2680 audiente
941 2613 1076 2680 Othone
1097 2614 1189 2698 (nam
1210 2633 1290 2700 pro·

207 2725 319 2793 ximus
347 2721 523 2807 astiterat)
552 2719 653 2808 idque
681 2725 722 2785 ut
752 2719 877 2786 laetum
908 2739 927 2784 e
954 2717 1124 2784 contrario
1152 2724 1188 2783 et
1216 2715 1289 2782 euis

207 2825 470 2915 cogitationibus
491 2845 688 2915 prosperum
710 2822 963 2912 interpretante.
998 2819 1072 2888 Nec
1089 2821 1195 2886 multo
1210 2825 1290 2908 post

206 2933 352 3000 libertus
367 2929 573 2996 Onomastus
596 2929 731 2992 nuntiat
752 2927 921 3014 expectari
942 2947 1015 2991 eum
1039 2923 1082 2990 ab
1104 2925 1290 2992 architecto

207 3043 244 3105 et
263 3031 553 3123 redemptoribus3
574 3051 660 3117 quae
682 3029 886 3117 significatio
904 3029 1093 3096 coeuntium
1112 3029 1177 3095 iarn
1200 3031 1289 3097 mili-

206 3145 279 3208 tan
310 3147 347 3206 et
376 3141 513 3227 paratae
541 3133 781 3200 coniurationis
810 3139 1019 3203 convenerat.
1070 3133 1180 3212 Otbo,
1207 3153 1288 3198 cau·

206 3265 280 3312 sam
301 3241 476 3330 digressus
497 3239 764 3326 requirentibus,
792 3258 867 3304 cum
900 3237 965 3302 emi
986 3235 1054 3302 eibi
1074 3234 1210 3324 praedia
1231 3255 1287 3301 re·

206 3353 337 3416 instate
364 3351 523 3435 suspecta
551 3365 657 3431 eoque
685 3342 782 3432 prius
805 3338 1008 3430 exploranda
1030 3339 1200 3421 finxisset,
1236 3341 1286 3408 in·

274 3572 305 3627 (i.
319 3569 364 3624 25.
398 3571 433 3623 ln
450 3583 599 3623 cmomssc
615 3571 774 3623 Rhenanus.
808 3569 846 3620 st
863 3568 940 3620 MSS.
959 3567 994 3620 lo
1010 3569 1162 3624 commoni.

276 3701 309 3756 G.
323 3705 368 3754 26.
402 3700 503 3756 waiam
520 3701 581 3754 edd.
600 3700 699 3754 idem
715 3701 828 3754 dtewm
844 3703 902 3752 lte.
919 3701 979 3752 BV.
996 3699 1096 3752 mcum
1112 3701 1159 3752 da'e
1175 3701 1236 3752 AG.

261 3869 292 3922 c.
306 3873 350 3921 26.
384 3873 504 3936 raptare·
517 3871 646 3939 {acrisii
660 3872 727 3922 leil.
824 3867 855 3922 (i.
870 3871 914 3922 27.
960 3881 1017 3935 pro
1043 3869 1116 3922 orde
1134 3869 1288 3932 Apollinis]

210 3937 238 3988 in
251 3943 347 3990 cestre
359 3941 556 4007 praetoriana,
574 3941 605 3990 ut
622 3940 661 3990 ibi
676 3941 727 3994 inr-
771 3941 844 3994 sote
856 3941 953 3992 eedem
967 3939 1108 4004 Apollinis
1121 3939 1253 3990 Palatini.

209 4012 327 4070 perator
340 4011 532 4074 suuterctun
549 4010 587 4063 ol.
604 4021 627 4059 c.
642 4011 686 4062 29.
