2844 4794
230 227 274 296 12
595 223 934 296 eromenion

227 393 418 466 infantium.
461 399 497 466 bi
518 399 638 488 auique
659 399 863 468 sanctissimi
878 409 1004 482 testes,
1026 397 1062 466 bi
1084 396 1218 464 muimi
1233 399 1320 466 lan-

228 500 384 568 datores:
413 497 457 566 ad
479 509 626 586 matres,
657 501 701 570 ed
729 503 886 592 coniuges
913 508 1050 574 volnera
1077 503 1208 584 lerunt;
1246 523 1317 572 nee

227 605 309 672 illae
328 623 503 670 numerare
527 611 587 670 ant
610 603 742 692 exigere
763 611 883 697 plagas
903 617 1037 697 parent.
1087 605 1248 692 cibosque
1270 611 1318 672 et

227 707 416 775 hortamina
436 706 661 797 pugnantibus
679 720 827 798 gestant.
875 711 912 780 8.
939 708 1121 778 Memoriae
1149 705 1317 798 proditur

225 809 390 899 quasdam
412 813 501 878 aoios
524 813 703 880 inclinatas
722 815 790 882 iam
818 821 854 882 et
879 813 1032 880 labentes
1055 836 1074 880 a
1097 811 1232 880 leminis
1253 835 1317 879 ro·

227 916 387 996 stitutas,
405 916 591 982 constantia
613 935 748 1001 precum
763 929 799 984 et
813 917 945 985 obieotu
966 925 1140 1007 paulorum
1162 926 1313 983 atmon-

226 1027 336 1086 strata
364 1019 548 1086 comminus
570 1019 785 1109 eaptivitate,
819 1041 918 1108 quam
946 1021 1047 1106 longe
1073 1021 1312 1110 impatientius

224 1125 422 1191 laminarum
454 1145 590 1188 suarum
622 1123 754 1189 nomina
785 1123 921 1204 timent,
954 1122 1038 1190 adeo
1069 1133 1109 1190 ut
1135 1125 1311 1192 eibnaeius

226 1231 417 1316 obligentur
438 1227 540 1293 animi
562 1226 754 1307 civitatum,
785 1227 907 1314 quibua
931 1227 1021 1295 inter
1041 1227 1178 1296 obsideo
1206 1231 1310 1319 puel-

223 1335 278 1400 lae
300 1353 432 1421 quoque
453 1329 583 1398 nobiles
607 1331 826 1417 imperantur.
869 1329 986 1398 inesse
1007 1331 1204 1419 quinetiam
1227 1353 1307 1398 san·

224 1443 315 1504 otum
338 1433 466 1523 aliquid
488 1443 523 1501 et
548 1433 723 1521 providum
746 1441 884 1522 putant,
912 1455 971 1501 neo
995 1442 1056 1501 aut
1081 1436 1222 1502 consilia
1245 1457 1308 1502 ea-

223 1561 299 1608 rum
321 1545 544 1627 aspernentur
566 1545 627 1603 aut
647 1559 809 1626 responsa
830 1538 1015 1625 negligunt.
1066 1539 1212 1606 vidimus
1236 1540 1305 1606 sub

224 1643 302 1711 divo
321 1642 532 1732 Vespasiano
551 1638 715 1708 Veledam
744 1638 802 1706 diu
827 1642 916 1729 apud
945 1644 1124 1731 plerosquo
1153 1644 1306 1712 numinis

221 1749 296 1816 loeo
317 1747 477 1814 babitans.
521 1743 582 1812 sed
601 1753 637 1810 et
653 1745 734 1812 olim
750 1744 930 1812 Auriniam
950 1752 987 1811 et
1006 1745 1190 1834 compluris
1213 1748 1305 1815 alian

221 1850 371 1918 venerati
388 1856 487 1929 sunt,
504 1869 570 1915 non
584 1845 776 1914 adulatione
789 1869 848 1914 nen
863 1857 1021 1937 tanquam
1045 1851 1193 1917 locarent
1205 1848 1304 1920 deae.

321 1955 356 2021 e.
398 1951 549 2019 Deorum
571 1951 712 2018 maxime
733 1951 936 2020 Mercurium
959 1954 1090 2035 rolant,
1117 1955 1173 2022 eni
1194 1958 1302 2022 sertia

222 2053 342 2124 diebus
362 2055 517 2126 humanis
539 2077 671 2146 quoquo
694 2054 816 2122 hostiis
837 2054 939 2122 litare
960 2057 1013 2124 iae
1034 2057 1168 2128 babent.
1207 2055 1301 2124 Her.

270 2263 441 2322 numerare]
458 2260 527 2312 cnm
540 2261 651 2328 gaudio,
670 2263 736 2312 tan-
778 2258 925 2326 oepltqere
944 2261 1070 2313 martura
1087 2263 1212 2330 ptpsoru
1229 2275 1300 2316 rea·

221 2343 304 2400 quom
328 2332 442 2382 virtutis
470 2332 632 2382 documenta
638 2345 648 2394 ς
683 2333 737 2382 aut
779 2329 876 2382 tietut.

220 2405 350 2469 eripere,
366 2403 392 2450 si
406 2399 497 2452 desint
510 2399 666 2466 requirere,
674 2413 736 2449 cum
833 2409 906 2448 aea.
921 2430 930 2448 .
947 2401 1168 2460 moneantur]
1191 2393 1296 2452 ilren-

220 2471 419 2524 inooimnitatis
433 2471 655 2534 exprobratione,
671 2472 735 2519 tan-
777 2466 1295 2532 ploestamnvlstusapuaeamuan.

221 2554 303 2608 quam
322 2542 473 2592 debeantur
491 2539 590 2589 virtuti
605 2539 732 2588 vulnera.
778 2537 802 2606 1,
818 2535 862 2588 50.
1090 2547 1097 2562 ·

220 2611 264 2662 lte
284 2613 345 2663 tero
359 2610 480 2672 Lipsius.
516 2609 608 2658 Aliter
622 2610 734 2659 Grono-
830 2602 975 2664 Veledam]
998 2603 1063 2654 vlu.
1084 2605 1156 2656 litat.
1177 2605 1294 2672 1v‚et.

220 2681 300 2732 vius:
331 2681 470 2746 „eripere
494 2681 526 2728 ut
551 2680 734 2730 sartatecta
776 2671 869 2738 65.V‚
884 2675 928 2739 22,
943 2669 989 2722 24.
1028 2674 1098 2725 Eam
1111 2675 1251 2738 captivam
1266 2679 1296 2727 et

218 2752 380 2820 ,μίμνῃ
402 2747 441 2800 ad
460 2759 598 2798 rammam
620 2747 734 2798 verita·
776 2743 807 2794 tn
824 2744 960 2804 triumpho
982 2745 1080 2803 postea
1099 2745 1209 2796 nuceam
1227 2757 1294 2796 esse

218 2821 300 2888 „tem
313 2820 358 2870 tur
372 2819 498 2884 eripere.
535 2818 620 2877 Quasi
634 2820 733 2866 taxare
776 2811 895 2877 colligas
917 2823 952 2860 ex
972 2813 1042 2861 Stat.
1062 2814 1131 2864 silv.
1157 2815 1179 2881 l,
1197 2811 1226 2882 4,
1248 2813 1294 2865 89.

219 2891 270 2957 „et
290 2890 353 2952 plus
373 2891 421 2938 aut
440 2887 530 2936 minus
549 2887 579 2934 in
600 2887 657 2936 iilia
672 2885 734 2935 vlr-
775 2882 845 2934 Non
863 2883 951 2932 oucnt
975 2881 1098 2934 Arctoae
1117 2883 1193 2935 actea
1212 2883 1294 2936 liae·

217 2959 308 3025 „tutis
328 2969 490 3021 agnoscere.
533 2953 598 3003 Vll.
614 2955 693 3006 obss.
708 2955 732 3022 l,
775 2961 900 3014 uanaque
934 2951 1065 3002 rebeliem
1096 2951 1289 3018 captivaeque

217 3024 731 3094 „astulficasapereexnasarunn„
774 3031 875 3085 preces
893 3019 1018 3070 Veledae.
1044 3021 1127 3073 lours.
1150 3021 1215 3074 iden
1228 3023 1291 3073 ior-

216 3095 281 3146 eoli.
304 3095 383 3144 Hom.
405 3091 586 3161 11.1v,218.
607 3086 666 3160 αἷμ’
686 3087 734 3144 ia·
776 3091 853 3140 tasse
867 3087 998 3140 eluamus.

214 3157 343 3230 μυζὴσασ·
825 3157 993 3218 duriatum]
1000 3155 1075 3208 Nihil
1085 3158 1119 3208 de
1131 3169 1167 3210 ee
1178 3157 1292 3211 munos

267 3261 427 3326 proditur]
451 3259 532 3314 ⁰²⁰⁸·
551 3263 582 3314 Β·
595 3263 629 3316 ⁶·
643 3261 668 3330 ¹⁹
688 3261 731 3316 ⁵¹·
773 3229 965 3360 notpppqm
979 3295 1127 3363 facerent]
1145 3295 1223 3346 Siout
1236 3307 1289 3348 noa

215 3333 314 3385 Pii-⁸⁸2⁸
328 3333 456 3383 “³²⁶⁶ss
472 3333 575 3399 flium
592 3335 733 3398 ‘mim'
774 3363 906 3431 llomonl,
925 3364 972 3427 qul
990 3368 1104 3415 senatus
1120 3365 1246 3416 consulto
1260 3367 1289 3415 et

215 3403 732 3525 rationabilitati?
773 3433 1287 3556 attoariarum·

215 3541 258 3592 1⁰·
273 3539 317 3594 ²7·
827 3571 892 3622 ce.
909 3571 1103 3632 Mercurium]
1121 3573 1288 3624 Pantssiao.

265 3625 375 3680 obtectu
397 3629 568 3692 pectorum]
601 3623 731 3689 intellige
773 3639 797 3708 ι,
810 3641 838 3690 9,
858 3639 969 3692 urm„
981 3655 1060 3706 me,
1078 3643 1287 3708 mmmm,
1401 3653 1411 3678 a

215 3695 292 3760 ipsae
306 3699 420 3762 pectora
431 3697 601 3761 fugientibus
614 3696 731 3746 sulsob-
772 3709 876 3762 mpm
891 3710 1020 3762 amaa„
1038 3711 1197 3774 amp-330,
1225 3711 1286 3776 pm

213 3766 317 3834 licere,
340 3769 371 3816 ut
384 3765 525 3818 retineant
546 3769 574 3816 et
589 3777 620 3815 eo
638 3765 730 3828 potius
773 3781 818 3830 m
838 3779 887 3844 qur
902 3781 980 3843 md
1000 3781 1145 3833 pamm,
1165 3781 1285 3832 mm.

213 3835 436 3888 aestumasset„
471 3835 597 3889 wsaar.
772 3847 1286 3902 feneratoreeaeoneosrsooer-

263 3923 390 3986 matos]
415 3921 490 3972 Suet.
509 3921 569 3973 θοι.
585 3921 629 3972 21.
657 3917 694 3969 Ut
708 3930 727 3968 u
769 3917 882 3972 muriae
893 3918 1023 3985 pestibus
1036 3920 1151 3970 utueua
1158 3919 1285 3970 auseae-

211 3991 380 4054 outtuedum
393 3987 727 4059 nouumpeaueotstaiure
769 3987 831 4036 tur.
866 3987 1020 4042 turtnm.
1038 3988 1072 4040 b.
1092 3989 1182 4054 lirin.
1198 3985 1283 4051 aar.

210 4058 461 4130 tememserpara
473 4055 727 4128 teutuuarttuuod
768 4051 815 4106 ei.
