2874 4802
237 240 303 310 1⁵8
569 243 978 318 ulsuoulaltuu

564 608 710 675 Libuit
748 611 980 679 TERTIUS.

622 801 915 854 aunulaltluri.

339 892 507 957 verpaeieni
524 896 620 961 copiae
637 899 666 949 in
680 900 791 951 ltaliam
808 902 922 952 veniunt
939 903 1008 952 duce
1025 902 1053 951 et
1070 898 1233 951 instinctore
1245 901 1307 950 An·

234 979 311 1030 tonio
334 981 434 1031 Primo.
476 983 595 1045 epareirn
616 987 749 1049 quaedam
767 990 863 1052 geete,
888 991 917 1038 et
940 989 1018 1038 ievea
1036 999 1154 1051 pugnae.
1194 985 1306 1036 clareia

234 1065 383 1116 Ravennae
401 1067 436 1117 ad
452 1067 654 1132 Veepaeienum
671 1072 778 1138 dedicit,
806 1076 834 1124 et
857 1073 1024 1137 proditorem
1047 1071 1165 1136 animum
1182 1069 1305 1123 Caecina

234 1153 334 1214 ⁸l²erlt
367 1153 418 1204 red
438 1153 485 1204 bio
506 1167 603 1217 parum
619 1169 769 1225 praepete,
790 1159 855 1223 quia
871 1170 891 1208 a·
906 1152 993 1208 milite
1010 1157 1120 1208 rhetor
1142 1159 1304 1220 captusque.

234 1237 372 1290 Proelium
394 1239 458 1290 inde
475 1240 511 1290 ad
526 1241 703 1307 Bedriacum,
728 1256 781 1306 quo
799 1244 868 1296 vieti
885 1241 1039 1294 Vitelliani.
1080 1242 1184 1292 iterun
1200 1253 1303 1304 euper-

234 1329 318 1374 ventu
335 1335 469 1376 novarum
484 1326 621 1392 legionum
638 1329 788 1394 proelium,
812 1329 892 1394 idque
909 1325 1001 1380 noctu.
1034 1327 1084 1376 eed
1101 1327 1129 1376 et
1145 1327 1210 1375 tuno
1227 1323 1303 1388 pulei

234 1408 390 1459 vitelliani.
436 1408 537 1463 caetra
566 1413 602 1463 ad
625 1410 785 1464 Cremonam
810 1416 1001 1480 oppugnantur
1023 1415 1051 1462 et
1077 1411 1187 1462 tandem
1212 1421 1302 1472 expu-

232 1497 361 1557 gnantur.
395 1495 441 1545 ubi
457 1509 558 1562 magna
574 1499 700 1562 etragee3
721 1499 804 1561 paulo
822 1501 886 1561 poet
907 1499 937 1549 in
953 1499 1016 1561 ipea
1032 1499 1099 1546 urbe
1117 1507 1196 1547 omne
1213 1507 1302 1559 genua

231 1580 360 1632 cladium.
393 1581 525 1630 Vitellius
542 1583 651 1633 interea
667 1583 697 1633 iu
714 1585 797 1651 luxu,
816 1597 867 1634 nee
882 1583 943 1634 aine
960 1579 1088 1633 saevitia.
1123 1580 1155 1630 Ρ.
1169 1579 1300 1632 sabinum

230 1667 332 1716 vinoiri
348 1666 438 1732 iubet,
456 1665 561 1718 lunium
576 1669 703 1718 illaesum
720 1669 847 1720 interlui.
881 1666 983 1718 Fabius
1001 1665 1106 1718 Valens
1124 1665 1222 1714 contu
1237 1667 1300 1714 An-

231 1751 335 1802 tonium
351 1743 445 1816 venit,
472 1752 522 1800 aed
545 1764 636 1817 pugna
652 1754 703 1804 ilia
724 1765 824 1817 magua
847 1752 1036 1816 regniacum
1060 1748 1155 1813 pauoie
1179 1749 1299 1816 adlegit,

231 1837 260 1886 et
283 1835 312 1884 in
336 1835 406 1885 mari
431 1847 581 1898 oppressae
606 1839 658 1887 oet.
703 1837 847 1888 Britannia
871 1840 995 1902 turbata,
1017 1836 1084 1885 item
1100 1835 1248 1885 Germania
1268 1837 1299 1885 et

229 1919 326 1970 Dacia.
359 1919 527 1982 Vespaeiani
545 1923 628 1972 dueee
644 1923 758 1973 Romam
775 1925 880 1984 petunt.
920 1920 1052 1972 Vitellius
1068 1919 1185 1969 insideri
1202 1922 1297 1982 Apen-

229 2006 323 2056 ninum
341 2005 422 2055 iubet„
456 2007 505 2056 eed
528 2006 593 2056 belii
616 2020 678 2059 mox
701 2011 846 2070 pertaesus
862 2005 1014 2070 paciscitur
1031 2017 1092 2055 eum
1116 2003 1217 2056 Sabino
1234 2007 1296 2057 Ve-

229 2089 354 2152 epaeienl
377 2089 475 2140 tratre.
515 2091 588 2154 quod
607 2094 717 2154 paetum
740 2091 872 2142 Germani
893 2091 994 2140 militer
1017 2103 1127 2152 rupere.
1166 2089 1295 2144 Sabinum

228 2174 259 2224 in
288 2173 454 2236 capitolium
481 2177 687 2244 compulerunt,
717 2177 898 2240 obeederuut,
930 2178 1136 2243 expugnarunt,
1162 2175 1294 2228 indende-

228 2259 302 2310 runt.
343 2260 482 2320 Quaedam
497 2271 516 2312 a
533 2262 565 2312 ir.
582 2261 698 2314 vitellio
715 2262 805 2314 iratre
829 2261 961 2325 principie
985 2261 1015 2310 in
1032 2259 1184 2324 campanie
1204 2264 1293 2328 geete.

227 2344 347 2394 dandam
365 2345 534 2408 Vespasiani
556 2359 649 2398 omnee
666 2345 763 2408 eopiae
779 2345 891 2396 Romam
910 2357 1030 2410 venere,
1055 2359 1105 2410 per
1123 2347 1178 2395 vim
1196 2348 1225 2396 et
1240 2358 1294 2397 ra·

227 2430 273 2480 ria
288 2429 396 2492 proelia
419 2430 565 2496 ingreeeae
582 2435 663 2500 eunt,
686 2431 832 2495 omniaque
854 2431 967 2482 libidine
984 2433 1013 2480 et
1029 2431 1114 2481 caede
1136 2425 1292 2484 foedarunt

225 2519 304 2569 liora
319 2515 407 2578 ipeiue
423 2515 541 2568 vitellii.

330 2603 418 2655 ueste
433 2613 488 2654 uno
504 2601 653 2666 eademqne
669 2611 749 2653 enno.

174 2893 217 2944 aa.
270 2879 304 2944 1.
345 2825 515 2941 Meliore
540 2873 613 2939 iate
635 2870 767 2958 {ideque
795 2869 940 2960 partium
962 2870 1197 2938 Flavianarum
1227 2867 1289 2935 du-

224 3001 280 3046 ueo
311 2979 450 3047 eeneiiia
478 2975 560 3041 beili
591 2975 794 3043 innatabant.
845 2971 1059 3042 Petovionern
1089 2973 1123 3038 in
1150 2971 1287 3038 hiberno

222 3082 343 3149 tertiae
371 3077 527 3146 deeurnae
555 3077 697 3162 legionis
723 3083 955 3144 convenerant.
1009 3076 1081 3142 iiiia
1109 3075 1288 3160 agitavere,

222 3189 412 3272 placeretne
435 3181 566 3247 obairui
587 3177 777 3248 Pannoniae
797 3181 927 3269 Alpes,
955 3177 1059 3245 donee
1082 3202 1100 3246 a
1124 3187 1218 3265 tergo
1239 3179 1287 3244 vi·

221 3309 277 3354 ree
298 3286 471 3358 universae
493 3289 741 3368 consurgerent,
764 3305 805 3348 an
825 3281 876 3348 ire
896 3283 1081 3350 comminue
1102 3291 1137 3348 et
1157 3289 1286 3348 uertere

221 3409 282 3480 pro
309 3385 410 3454 Italia
440 3387 649 3452 oonetautiua
674 3387 774 3452 foret.
825 3383 959 3471 Quibus
988 3385 1136 3473 opperiri
1162 3385 1284 3449 auxilie

220 3489 414 3558 attrahere
442 3489 566 3555 bellurn
595 3487 787 3571 videbatur,
819 3487 1089 3555 Germanicarum
1118 3487 1284 3572 legionum

218 3595 284 3662 vim
306 3593 492 3680 famamque
515 3593 738 3672 extollebant,
768 3595 803 3656 et
824 3589 999 3657 advenieee
1021 3611 1096 3658 mox
1125 3611 1199 3658 euru
1223 3589 1285 3657 Vi-

268 3783 300 3838 c.
314 3785 340 3833 1.
364 3781 558 3844 Petobionem]
572 3783 659 3835 llodie
671 3783 730 3835 Pe·
773 3783 826 3833 buo
837 3781 962 3834 bueeaee
980 3783 1087 3834 tantum
1107 3785 1204 3846 erant;
1227 3782 1282 3834 vid.

217 3854 269 3905 iore
283 3854 318 3903 ad
331 3853 454 3904 ntorum
466 3853 495 3903 in
506 3853 606 3904 duibri'e
618 3853 730 3904 Panno·
772 3851 810 3919 ll,
824 3852 867 3902 98.

216 3922 289 3972 Πῑῧθ·
821 3935 1013 3996 eoortmlao]
1037 3937 1071 3984 ll.
1084 3949 1110 3986 e.
1132 3934 1197 3985 viae
1215 3933 1281 3984 beili

266 4003 393 4064 obstrui]
413 4003 726 4070 concaedibue,ea1ie‚
770 4003 981 4056 administrandi
999 4003 1088 4058 adino
1107 4003 1195 4056 initae
1211 4016 1280 4056 eon·

154 4071 155 4076 ’
215 4073 406 4144 munimenta,
428 4076 571 4140 eaeteilie3
593 4087 656 4128 nam
675 4075 727 4128 ed·
769 4073 921 4138 praenotus.
