2874 4802
410 275 515 347 nin.
537 275 585 348 11.
626 275 925 388 exures-sa.
1141 277 1205 349 rsa
1269 357 1274 364 ,

136 415 220 532 iter,
245 448 402 540 *prodigis
422 451 532 540 apulis
560 457 596 518 et
615 456 752 540 sumptu
772 471 942 538 ganeaque
963 449 1090 518 satiare
1111 451 1254 522 inex-se.

137 545 279 643 plebiles
298 555 434 624 Vitellii
453 551 621 625 libidines.
670 556 744 641 ipse
764 553 894 640 munde
914 563 1028 636 ratus,
1057 555 1088 622 si
1109 575 1205 642 proe-

137 655 289 724 sentibns
316 659 506 736 frueretur,
545 679 606 726 neo
640 657 675 722 in
703 658 836 742 longius
867 660 1060 726 consultans
1091 659 1204 728 novies

140 759 248 826 milies
264 761 457 826 sestertium
478 759 689 850 paucissimis
706 760 874 826 mensibus
889 761 1118 828 intervertisse
1132 783 1206 828 ore·

140 861 242 934 ditur.
286 866 407 949 Magna
428 872 464 930 et
483 866 604 932 misera
625 865 764 944 civitas,
792 861 907 934 eodem
931 885 1015 929 anuo
1039 863 1204 932 Othonem

140 963 385 1053 Vitelliumque
406 989 520 1058 passa,
542 969 629 1034 inter
651 965 780 1046 Vinios,
804 963 832 1032 1³
835 964 939 1045 abies,
959 964 1079 1048 loelos,
1100 969 1206 1034 Asia-

142 1069 228 1136 ticos
251 1071 343 1136 varie
372 1077 407 1136 et
431 1069 583 1159 pudenda
611 1075 704 1136 sorte
727 1069 863 1154 agebat,
889 1067 991 1134 donec
1013 1091 1206 1139 successere

140 1169 315 1241 Mucianus
336 1179 371 1241 et
387 1173 567 1240 Marcellus
590 1180 625 1241 ot
648 1173 753 1258 magis
775 1173 833 1239 alii
853 1171 1001 1239 homines
1024 1195 1123 1261 quem
1146 1173 1206 1241 alii

141 1296 263 1342 moros.

239 1381 294 1448 ou
337 1374 450 1444 Prima
476 1376 616 1446 Vitellio
641 1377 762 1444 tertiae
788 1373 931 1462 legionis
954 1374 1095 1444 deiectio
1124 1399 1207 1444 nun·

128 1481 263 1562 dictur,
285 1481 399 1548 missis
419 1481 462 1546 ab
483 1482 619 1572 Aponio
643 1480 824 1548 Saturnino
845 1479 1010 1568 epistolis,
1030 1487 1205 1568 antequam

139 1585 173 1654 is
193 1605 325 1673 quoque
336 1571 539 1672 Vespasiani
559 1585 713 1674 partibus
735 1591 984 1670 aggregaretur.
1018 1582 1078 1650 sed
1100 1605 1206 1672 neque

138 1689 298 1778 Aponius
320 1695 454 1771 cuncta,
483 1695 523 1755 ut
543 1686 715 1775 trepidans
737 1709 774 1754 ro
794 1685 927 1763 subita,
954 1688 1206 1774 perscripserat,

138 1799 175 1858 et
195 1790 293 1856 amici
321 1787 496 1858 adulantes
518 1791 654 1858 mollius
678 1789 1004 1880 interpretabantur:
1031 1791 1129 1858 unius
1156 1795 1207 1858 le-

138 1893 248 1979 gionis
269 1913 341 1958 sum
371 1892 587 1970 seditionem,
619 1895 740 1960 ceteris
761 1893 963 1960 exercitibus
985 1900 1137 1959 oonstma
1167 1895 1208 1960 fi-

141 1995 229 2066 dem.
269 1995 309 2062 ln
330 1996 415 2064 bunc
438 1997 570 2066 mudum
591 1997 690 2062 etiarn
704 1994 866 2062 Vitellius
888 1994 977 2084 apud
999 1995 1123 2060 milites
1137 1993 1208 2062 dis·

139 2101 266 2182 seruit,
300 2102 530 2187 praetorianos
558 2120 664 2186 nuper
696 2106 928 2164 exauctoratos
955 2100 1159 2179 insectatus,
1187 2121 1207 2166 e

140 2204 263 2292 quibus
284 2203 388 2270 falsos
414 2225 565 2270 rumores
586 2201 752 2292 dispergi,
778 2221 838 2266 uso
868 2201 973 2266 ullum
995 2202 1103 2268 civilis
1126 2203 1207 2270 belli

142 2315 266 2372 metum
297 2305 526 2387 asseverabat,
561 2326 743 2394 suppresso
765 2300 966 2390 Vespasiani
993 2305 1142 2387 nomine,
1172 2313 1208 2372 et
1229 2309 1244 2390 j

143 2409 238 2495 vagis
259 2429 320 2496 per
340 2407 455 2474 urbem
478 2407 641 2476 militibus
663 2407 722 2494 qui
741 2427 912 2474 sermones
938 2408 1054 2497 populi
1078 2431 1209 2476 eoerue·

141 2519 230 2580 rant.
278 2509 314 2578 id
336 2512 547 2599 praecipuum
570 2511 762 2576 alimentum
784 2509 892 2575 lamae
913 2519 997 2578 erat.
1047 2515 1103 2580 97.
1132 2513 1208 2580 Au·
1273 2517 1279 2532 ’

141 2617 224 2684 xilia
252 2623 363 2682 tamen
385 2636 404 2680 e
425 2613 604 2680 Germania
626 2611 866 2700 Britanniaque
892 2621 927 2678 et
952 2612 1124 2702 Hispaniis
1153 2637 1209 2680 ex-

143 2719 240 2802 civit,
261 2717 407 2804 segniter
424 2722 461 2782 et
479 2716 712 2784 nenessitatem
734 2715 962 2782 dissimulans.
996 2715 1139 2784 Perinde
1160 2721 1210 2784 le·

144 2823 215 2909 gati
244 2821 498 2910 provinciaeque
532 2819 793 2894 cunctabantur,
828 2817 1040 2886 Hordeonius
1057 2819 1210 2904 ¹llluceus

144 2923 312 3014 suspectis
344 2923 411 2990 iarn
439 2923 579 2990 Batavis
611 2923 728 2988 aurius
757 2921 894 3010 proprio
930 2921 1038 3003 bello,
1069 2921 1210 2992 Vettius

144 3029 293 3098 Bolanus
322 3047 487 3113 nunquam
517 3027 603 3092 satis
633 3023 745 3112 quieta
774 3021 968 3106 Britannia,
1005 3033 1041 3089 et
1068 3033 1211 3114 uterque

145 3129 303 3216 ambigui.
345 3128 465 3216 Neque
486 3151 525 3196 er
547 3127 721 3217 Hispaniis
744 3126 1003 3214 properabatur,
1024 3130 1116 3196 nullo
1138 3139 1210 3195 tum

144 3233 192 3299 ibi
213 3231 397 3298 consulari:
418 3233 520 3298 trium
543 3233 708 3320 legionum
727 3218 842 3316 legati,
864 3251 963 3318 pares
983 3233 1057 3300 iuro
1078 3241 1114 3300 et
1132 3255 1211 3324 pro·
1283 3307 1287 3314 ,

146 3335 255 3423 aperis
277 3333 411 3401 Vitellii
431 3336 533 3402 rebus
555 3333 717 3401 certatrmi
741 3331 784 3400 ad
803 3334 1016 3422 obsequium,
1037 3335 1210 3406 adversam
1312 3339 1318 3354 ⁴

214 3539 348 3591 eraditur
365 3539 424 3590 edd
442 3541 480 3590 At
496 3542 551 3590 lta.
569 3541 749 3594 crederetur.

217 3651 377 3722 Vtteutam,
393 3665 429 3704 ex
446 3655 499 3705 lta.
518 3657 555 3705 At
571 3656 631 3706 edd.
652 3654 856 3732 retentumque.

196 3819 226 3870 ic
243 3818 356 3884 lecytus
375 3821 557 3882 comultmra]
576 3823 610 3872 ll.
632 3837 657 3876 o.
750 3821 833 3873 aab.
860 3815 1020 3888 maronia]
1033 3820 1076 3870 Ex
1088 3820 1212 3886 Moerin

146 3889 239 3938 tuturo
253 3889 440 3954 prospiciens,
459 3893 489 3940 ut
501 3891 532 3942 in
543 3893 658 3960 toaprm
700 3891 755 3941 vld.
769 3905 795 3941 c.
809 3887 853 3940 85.

147 3959 218 4008 lun.
233 3957 255 4024 Ι,
268 3959 312 4006 69.
334 3955 415 4025 le,
426 3957 452 4009 7.
752 3959 836 4010 CM.
852 3953 1067 4023 udobocurctum]
1081 3957 1211 4020 Proque-

700 4026 746 4095 ιι,
761 4031 792 4078 ut
803 4031 875 4079 Anu.
888 4025 938 4091 vl,
948 4027 977 4080 7.
990 4027 1162 4094 mosomum
1173 4027 1212 4080 od

198 4095 368 4156 Marcellus]
383 4095 449 4146 soil.
463 4095 571 4161 Eprius.
701 4099 820 4151 sedero.
