2786 4798
289 277 353 344 1⁴2
586 277 658 346 DE
688 279 1060 352 onnuonluus

396 451 449 518 lt.
485 449 634 518 Vixdum
658 453 792 520 linierat
813 455 1006 536 Maternus,
1027 455 1228 523 concitatus
1249 464 1281 522 et
1297 453 1332 522 ul

286 563 326 620 ut
356 557 553 636 instinctus,
586 579 661 623 cum
687 557 876 645 Vipstanus
903 559 1050 627 Messala
1074 561 1270 626 cubiculum
1294 561 1333 624 eiu

287 661 461 746 ingressus
487 665 557 739 est,
586 661 845 749 suspicatusque
874 685 913 728 er
941 663 1016 750 ipsa
1043 665 1239 730 intentione
1261 665 1333 746 singu

287 767 395 830 lorum
421 764 573 828 altiorem
599 765 686 830 inter
712 785 770 830 eos
795 787 869 831 esse
890 787 1094 848 sermonem,
1129 766 1232 834 Num
1254 787 1333 855 parur

285 867 526 956 tempestivus,
563 867 688 954 inquit,
726 871 890 936 interveni
924 883 1090 937 secretum
1119 873 1333 938 consiliunt

283 991 404 1038 causus
426 969 568 1036 alicuius
593 970 842 1039 meditationem
866 969 1136 1042 tractantibus?-

384 1105 540 1186 Minime,
561 1103 712 1188 minime,
732 1107 840 1196 inquit
856 1105 1047 1192 Secundus3
1071 1119 1180 1200 etque
1198 1109 1281 1176 adeo
1297 1105 1334 1172 ml

282 1213 346 1278 lem
365 1209 533 1288 ¹moturiue
556 1207 806 1282 intervenissee.
843 1209 1045 1278 delectasset
1063 1215 1152 1280 enim
1177 1225 1214 1282 te
1229 1209 1334 1297 etnpn

281 1317 390 1383 nostri
415 1313 688 1380 accuratissimus
714 1337 843 1398 sermo,
866 1339 940 1382 cum
963 1315 1179 1400 Maternum,
1211 1325 1251 1384 ut
1270 1331 1335 1381 omne

281 1419 450 1507 ingenium
475 1439 514 1482 eo
538 1413 687 1482 studium
712 1441 808 1484 suum
833 1417 876 1484 ad
900 1441 1021 1488 causes
1050 1423 1205 1508 agendas
1230 1437 1335 1488 correr-

280 1537 388 1607 teret,
416 1522 612 1589 exhortatus
639 1527 707 1602 eet,
736 1528 772 1586 et
793 1519 938 1590 Materni
962 1547 1023 1612 pro
1047 1527 1261 1593 carminibus
1286 1521 1333 1587 enit

279 1633 388 1710 laeta,
419 1635 522 1716 utque
544 1631 661 1714 poetas
683 1621 816 1692 delendi
839 1625 996 1710 decebat,
1022 1629 1205 1699 audentior
1227 1639 1262 1698 et
1282 1645 1333 1716 pot

280 1745 391 1800 torum
413 1751 512 1818 quern
534 1735 704 1793 oratorum
726 1727 870 1794 similior
891 1731 1011 1800 oratio.

379 1865 435 1932 Me
459 1883 556 1943 vero,
584 1861 710 1948 inquit,
741 1865 777 1925 et
799 1881 909 1929 sermo
932 1865 1004 1954 ipse
1027 1864 1159 1934 inlicita
1184 1866 1330 1952 voluptate

277 1969 464 2048 effecisset,
484 1973 585 2053 etque
604 1963 639 2030 id
660 1965 771 2054 ipsum
793 1963 955 2050 delectat,
977 1968 1067 2056 quod
1082 1991 1161 2053 voe,
1184 1971 1251 2038 viri
1267 1963 1331 2052 opti·

277 2074 322 2142 mi
352 2081 387 2140 et
415 2081 600 2161 temporum
630 2077 820 2134 nostrorum
854 2082 1024 2154 oratores,
1061 2095 1125 2140 non
1160 2070 1329 2142 forensibus

275 2187 405 2244 tanturn
432 2171 574 2259 negotiis
602 2179 637 2238 et
666 2169 905 2240 declamatorio
935 2175 1049 2242 studio
1078 2177 1215 2261 ingenia
1241 2177 1329 2238 vestre

274 2279 455 2360 exercetis,
483 2275 543 2346 sed
571 2273 735 2342 eiusmodi
764 2277 866 2342 etiam
894 2277 1139 2365 disputationes
1163 2271 1326 2345 assu-itis,

273 2405 359 2474 quae
382 2390 426 2448 et·
439 2377 605 2467 ingenium
630 2379 726 2444 elunt
743 2385 779 2444 et
799 2377 999 2449 eruditionis
1022 2405 1061 2450 ac
1082 2384 1272 2450 litterarum
1290 2374 1326 2437 iu·

272 2477 508 2554 cundiesilnurn
531 2484 808 2551 oblectamentum
830 2505 904 2550 cum
925 2485 1037 2567 robis,
1059 2487 1118 2574 qui
1141 2485 1203 2553 illa
1227 2481 1324 2565 dispu-

271 2593 374 2671 tatis,
397 2589 558 2670 afferunt,
580 2585 772 2653 tumetium
795 2585 858 2666 iis,
883 2587 1087 2677 adquorum
1108 2613 1210 2658 eures
1231 2599 1324 2674 perse

250 2695 394 2772 norint.
444 2689 563 2778 ltaque
585 2689 720 2756 hercule
741 2707 806 2756 non
829 2689 936 2756 minue
959 2691 1097 2782 probari
1118 2691 1217 2772 video
1237 2689 1269 2754 in
1291 2689 1323 2754 te,

269 2793 442 2876 Secunde,
470 2792 561 2884 quod
592 2791 671 2860 lulli
694 2791 842 2859 Asiatici
869 2793 970 2860 vitam
999 2793 1227 2883 componendo
1247 2805 1320 2876 spen

267 2900 458 2966 hominibus
485 2895 597 2964 fecisti
619 2897 764 2983 plurium
790 2897 954 2965 eiusmodi
974 2899 1156 2980 librorum,
1182 2888 1321 2988 queuis

267 2995 387 3090 Apro,
416 2999 506 3088 quod
528 2998 672 3065 nondum
697 3021 717 3063 a
740 2999 952 3068 scholasticis
973 3003 1209 3071 controversiis
1230 3013 1318 3066 recor

264 3105 312 3171 eit
330 3117 365 3171 et
386 3105 490 3170 otium
510 3123 607 3168 suum
628 3103 753 3170 mavult
769 3124 926 3170 novorum
945 3103 1114 3172 rhetorum
1129 3127 1222 3174 more
1238 3115 1318 3190 quen

263 3214 411 3273 veterum
433 3212 605 3270 erutorum
627 3225 833 3276 consumere.

313 3381 344 3434 0.
362 3377 404 3432 14.
432 3391 490 3446 pro
508 3379 683 3432 carminibus
703 3365 778 3442 saie]
822 3379 919 3432 ..ced
931 3377 1017 3430 ettam
1030 3391 1094 3429 curn
1106 3379 1313 3432 ceccanum·

262 3451 324 3502 Nou
335 3463 405 3514 quse
419 3449 480 3510 lose
493 3451 626 3516 lecisset,
645 3451 695 3500 sed
707 3463 778 3514 quoe
821 3453 868 3503 tue
880 3461 915 3501 cc
927 3451 984 3500 tum
998 3449 1067 3516 foro
1080 3450 1188 3499 clarnos.

261 3533 365 3572 eumue
383 3519 474 3570 studio
493 3520 708 3583 amplecteretur
713 3534 723 3583 3
746 3522 778 3571 ut
869 3533 1005 3594 mem]
1023 3525 1282 3598 vss,ffi,t,11‚sl.

261 3603 285 3642 a„
300 3591 344 3644 ²⁷·
365 3589 489 3641 ausam
503 3591 578 3641 ‘²⁸⁰‘-
736 3621 737 3626 ’
870 3622 900 3670 et
912 3619 1015 3678 atem]
1034 3617 1187 3668 nurerum
1199 3609 1311 3677 senius

310 3676 341 3726 ec
353 3685 448 3725 serm
466 3707 474 3726 ·
489 3704 498 3722 ·
514 3673 603 3736 accos
616 3671 660 3732 td]
677 3671 732 3724 rm
745 3673 776 3724 et
817 3688 862 3737 eet
879 3699 932 3740 nec
953 3689 1058 3751 ouum,
1081 3689 1130 3737 aut
1149 3688 1248 3738 seru·
1264 3679 1311 3732 os:

259 3763 294 3778 “
307 3746 337 3795 ‘e
345 3775 354 3810 e
372 3747 402 3793 ¹¹²
415 3745 491 3794 ΒΜ·
507 3741 605 3792 (Ἆῑῑῑᾱι
618 3741 661 3791 ²¹·
816 3769 888 3807 nunc
900 3770 956 3807 oon
971 3757 1206 3818 nucrcnetendurn
1216 3761 1310 3826 exest·

180 3845 184 3852 ⁴
310 3825 516 3880 decimatum
533 3825 641 3885 studio]
659 3822 772 3884 Quintll.
815 3826 891 3876 dum.
911 3825 1071 3880 Vld.c.17.
1090 3829 1162 3876 extr.
1198 3825 1308 3885 utroquo

258 3895 303 3962 x,
326 3896 358 3962 5,
379 3895 421 3948 14.
452 3895 681 3946 Dcclomottouee
700 3905 772 3944 cero
815 3896 846 3944 ut
859 3895 997 3946 sententis
1014 3895 1156 3945 consume
1170 3897 1253 3946 verbs
1268 3897 1308 3936 Μ·

258 3963 531 4027 cumanensem
554 3963 707 4014 rhetorum
727 3961 772 4012 us-
814 3975 919 4014 ooram
947 3965 1100 4016 rhetorum
1134 3966 1163 4014 et
1195 3961 1306 4016 cateno

256 4025 386 4085 trister.
401 4069 408 4084 .
422 4045 479 4084 ιιοιι
492 4033 686 4084 tantumdem
698 4031 771 4082 odo-
814 4033 967 4084 oratorum
986 4033 1193 4094 tren-ponente
1209 4032 1273 4083 tuter
1282 4029 1305 4070 ιθ

253 4097 337 4155 leectt
353 4103 506 4168 profectu
519 4101 772 4154 mutatuisetmac
813 4103 915 4154 torout.
948 4101 1018 4155 Nem
1038 4101 1146 4154 trouiee
1165 4113 1243 4166 qoem
1259 4097 1305 4144 su·
