2874 4802
420 273 526 350 Lib.
546 273 598 347 ll.
634 271 757 347 ull.
776 275 933 356 88-87.
1135 279 1200 350 145

131 441 280 514 ordinem
304 455 457 520 exueret.
512 447 605 518 Idem
633 471 696 538 pro
718 449 827 518 Gallis
849 449 916 518 dux
935 449 1084 520 roloniae
1102 466 1244 534 suaque.

130 573 236 637 eaque
266 573 368 641 opera
395 554 662 640 proseratioosm
691 553 834 641 adeptos
867 555 1035 643 susceptis
1062 551 1197 642 Vespa·
1270 627 1276 652 Κ

130 654 218 720 sioni
246 657 400 743 partibus
430 657 625 722 uberrimam
664 655 754 722 bello
781 657 886 724 issem
916 657 1095 746 praetulit:
1131 679 1198 726 nori

130 765 199 826 tam
228 759 386 850 praemiis
415 761 639 847 periculorum
668 780 767 848 quam
791 759 876 846 ipsis
903 761 1061 850 perieulis
1086 763 1196 828 laetus

131 882 193 950 pro
214 863 317 930 sartis
339 869 373 930 et
395 863 474 930 olim
498 863 605 950 partis
629 882 732 942 nova,
753 862 926 947 ambigua,
950 862 1106 951 ancipitia
1126 884 1197 930 ma-

130 964 235 1035 lebat.
276 965 386 1051 igitur
408 987 539 1034 movere
563 973 599 1031 et
619 973 778 1052 quatere,
799 965 959 1053 quiequid
980 989 1121 1055 usquam
1142 989 1198 1036 aa·

132 1089 229 1154 grum
251 1069 360 1150 forst,
388 1066 664 1160 aggrediuntur„
691 1065 845 1157 Soriptao
866 1069 901 1134 in
922 1067 1130 1136 Britanniam
1152 1071 1197 1139 ad

132 1172 469 1257 quartadecumaoos,
491 1170 526 1236 io
545 1167 744 1256 Hispaniam
767 1168 810 1235 ιιι
831 1170 1001 1256 primanos
1022 1174 1196 1262 epistolae,
1226 1207 1228 1220 =

132 1273 222 1361 quod
241 1283 384 1362 utraque
405 1272 494 1359 legio
515 1293 577 1359 pro
598 1271 732 1339 Othone
751 1271 890 1341 adversa
909 1273 1050 1342 Vitellio
1068 1267 1204 1362 iueratp'

131 1385 337 1462 sparguntur
363 1372 577 1468 partibilius
604 1376 757 1456 litterae3
786 1383 1016 1466 momentoque
1036 1381 1198 1470 temporis

132 1479 327 1562 flagrabat
317 1501 432 1567 angens
454 1479 579 1544 bellurn
608 1468 761 1564 lllyriois
780 1479 981 1552 exeruitibue
1006 1484 1117 1570 palam
1139 1481 1198 1552 de·

132 1581 373 1663 soisaentibus,
395 1582 517 1650 oetsris
538 1581 705 1646 fortunam
729 1583 908 1653 seouturis.

232 1686 288 1757 87.
330 1685 420 1753 Dum
443 1685 524 1750 baso
545 1703 606 1770 per
623 1683 812 1772 provintias
834 1705 853 1749 a
871 1683 1081 1776 Vespasiano
1102 1689 1198 1757 cluni-

131 1785 261 1876 busque
284 1790 430 1876 partium
452 1792 625 1873 geruntur,
645 1784 808 1853 Vitellius
830 1790 1050 1880 oontemptior
1068 1791 1102 1858 io
1122 1791 1197 1864 iios

131 1893 330 1979 segniorqus
356 1890 530 1958 adomnia
557 1888 812 1979 munioipiornm
842 1893 1062 1981 villarumque
1087 1915 1198 1963 arnos-

130 1993 254 2062 nitates
278 1996 460 2072 resistens,
482 1993 583 2078 ¹provi
608 1991 723 2058 urbam
746 1991 876 2080 agmine
901 1996 1047 2082 petebat.
1093 1993 1198 2067 Sexa-

130 2097 224 2183 ginta
246 2099 337 2166 milia
362 2103 566 2173 armatorum
590 2093 835 2180 sequebantur,
862 2099 997 2164 lieentia
1019 2107 1197 2190 eorrupte3

130 2201 282 2266 salonam
309 2215 467 2267 numerus
496 2198 656 2286 amplior,
694 2200 944 2286 prouenissimis
977 2200 1078 2266 etiam
1108 2203 1199 2270 iuter

131 2323 246 2369 servos
260 2303 402 2368 lixarum
423 2302 586 2388 ingeniis,
606 2309 658 2366 tot
677 2301 863 2386 legatorum
881 2303 1126 2392 amiaorumque
1142 2327 1199 2374 oo·

132 2404 275 2472 mitetur
291 2404 449 2472 inhabilis
478 2401 745 2490 superandum,
771 2405 905 2472 etiamsi
933 2427 1063 2474 summa
1084 2407 1198 2475 mode-

131 2505 199 2574 stia
220 2513 404 2592 regeretur.
453 2506 637 2574 onerabant
663 2506 908 2574 multitudinem
937 2507 1027 2576 obvii
1050 2530 1091 2576 ex
1112 2511 1197 2579 urbe

131 2617 304 2676 senatores
334 2611 546 2696 equitesque,
575 2605 710 2695 qnidam
737 2617 846 2692 metu,
875 2611 973 2676 multi
998 2633 1062 2702 per
1080 2610 1197 2680 adula-

129 2713 274 2793 tionem,
295 2711 401 2778 oeteri
421 2731 460 2778 ab
481 2711 644 2800 paulatim
665 2731 799 2795 omnes,
818 2735 859 2784 ue
883 2715 962 2808 aliis
984 2714 1196 2812 prqtiaisoen-

129 2851 262 2902 stantiam
276 2860 381 2899 morum
402 2845 432 2897 ln
452 2846 639 2913 borbonius,
681 2847 760 2899 iones
779 2849 805 2898 ιι.
819 2862 843 2899 e.
860 2848 1084 2916 Trosskneoiie,
1107 2852 1138 2901 st
1157 2851 1195 2902 u-

130 2922 197 2972 olinr
211 2919 318 2982 quieto,
335 2929 397 2968 mox
411 2917 554 2968 acerrimo
583 2916 640 2966 lm-
682 2919 779 2968 saal.
791 2931 816 2968 e.
827 2919 1046 2981 Maritimam,
1069 2919 1118 2968 sao
1131 2920 1193 2982 pls-

128 3003 174 3040 ano
188 2989 279 3051 potins
300 2989 350 3037 snb
362 2987 478 3040 Claudio
491 2987 536 3035 vel
549 2983 640 3035 Naro·
681 2998 795 3047 rumque
817 2988 984 3040 coniunctim
1006 2991 1194 3040 memorantur

128 3071 165 3111 ue
185 3058 397 3123 desperaverat,
420 3057 520 3120 oredo,
546 3055 580 3104 ile
593 3067 641 3105 re·
682 3053 812 3116 tanquam
835 3057 981 3125 simillimi,
1014 3059 1045 3107 ιιι
1069 3057 1122 3120 ιιι,
1147 3059 1193 3108 38.

129 3127 254 3194 publiea,
277 3125 307 3176 io
329 3137 383 3188 qua
399 3125 493 3176 nullus
515 3121 640 3176 libertati
682 3121 816 3176 uatem
846 3092 1031 3191 librarumque
1055 3137 1194 3178 uumerus

128 3200 158 3247 et
170 3195 323 3246 industriae
335 3196 413 3246 loous
414 3193 545 3259 ideoque
554 3193 639 3243 otium
681 3191 813 3256 amplior.
854 3193 1004 3258 Propterea
1028 3193 1138 3245 Tsoibis
1161 3196 1194 3246 ut

126 3267 286 3318 rustiosnns
301 3265 489 3328 quaesiverat,
506 3275 579 3327 mox,
597 3262 639 3311 sl·
682 3261 763 3312 simul
785 3263 914 3313 brevitati
939 3263 1021 3314 simul
1043 3265 1192 3314 variationi

127 3335 219 3386 ιιιιιΙιιο
240 3335 360 3396 nlltllielti
384 3336 482 3384 uolitl'tt
503 3297 639 3396 11788708
680 3329 900 3398 llleerviret7'1n
920 3336 1035 3396 utraque
1054 3333 1193 3384 sententia

127 3403 322 3453 exsurrexisse
341 3403 502 3463 audiverat,
529 3400 639 3462 reposi-
680 3399 790 3450 eiteros
809 3402 915 3454 tautum
931 3402 1100 3468 appellavit,
1129 3414 1192 3452 oum

128 3475 185 3522 tum
204 3471 344 3522 libertatis
364 3481 485 3522 amorem
505 3470 640 3531 prompsit
681 3467 825 3530 utrobique
839 3473 977 3538 atrosque
995 3467 1116 3534 intelligi
1128 3471 1191 3522 vel-

127 3552 162 3592 ao
175 3541 270 3588 statim
282 3552 332 3602 pro
347 3539 436 3589 tislbe
449 3538 511 3589 init.
531 3539 622 3590 Dono
680 3537 729 3588 let.
747 3537 835 3588 Dono.

177 3603 361 3671 ιιιιιιιιιιιιιιι]
375 3609 408 3655 ιι
423 3619 448 3656 ο.
461 3605 604 3658 acerrime.
731 3601 881 3675 modestia]
895 3605 959 3659 vid.
972 3618 997 3658 o.
1009 3607 1053 3658 68.

178 3675 268 3728 (ι..87
307 3675 551 3737 procerissimis.
566 3676 640 3726 Aa·
731 3687 767 3725 ne
793 3675 935 3739 paulatim
958 3669 1074 3740 omum]
1112 3671 1190 3726 iusta

125 3741 231 3811 pensu]
247 3745 350 3795 Sensus
358 3745 415 3794 eat
429 3745 555 3794 salanum
564 3745 639 3794 lixa-
680 3743 868 3807 gradationes
882 3747 926 3794 ast
939 3745 1002 3806 post
1014 3741 1115 3805 aeteri,
1125 3755 1190 3794 nam

125 3827 241 3876 rumque
266 3825 395 3864 numerus
420 3813 552 3875 amplior,
582 3812 639 3876 qui,
680 3824 742 3862 oum
759 3814 851 3865 aeteri
868 3815 934 3864 olietl
950 3815 1032 3878 suot,
1055 3823 1134 3862 namo
1152 3825 1188 3862 ex

126 3893 290 3946 quamquam
302 3881 429 3948 ingenui,
451 3883 542 3932 ιιιιιιιι
556 3881 640 3932 etiam
680 3882 773 3932 eodem
785 3897 887 3948 genere
900 3846 1035 3945 superest.
1052 3883 1188 3931 sortasse

125 3952 201 4002 iuter
212 3963 312 4004 servus
327 3949 499 4012 procacitate
512 3951 638 4012 praecel—
680 3947 741 4011 ipse
757 3952 870 4002 Tacitus
895 3954 947 4003 boo
965 3950 1091 4012 admisit,
1120 3949 1187 3998 illu-

124 4021 205 4088 luut,
227 4021 276 4071 vel
292 4021 424 4071 servilem
442 4019 638 4082 prooooltatsm
680 4019 747 4068 deus
769 4020 896 4072 nimirum
922 4019 1039 4072 tetricas
1060 4019 1191 4082 loquendi

125 4092 303 4152 exsuperent.
337 4090 400 4142 Non
413 4088 495 4140 libem
507 4091 572 4140 sunt
587 4102 638 4141 oe·
679 4087 856 4159 diligentiae,
873 4091 905 4142 ut
915 4088 1066 4143 lallnstlua
1083 4089 1115 4141 ln
1125 4089 1190 4141 illo:

158 4175 287 4240 laetius,
298 4173 533 4238 sinnadensis.
556 4175 586 4226 7.
601 4177 639 4230 ιι.
664 4178 694 4230 7.
711 4177 733 4228 l.
982 4173 1026 4242 10
