2874 4802
204 257 270 327 204
538 255 946 328 lllfl‘l'OlllAllUli
1039 261 1042 266 '

154 453 197 502 ee.
303 433 359 500 67.
410 421 491 497 Sed'
506 433 645 498 clessam
674 431 895 498 Misenensem
930 429 1084 516 (tannim
1121 425 1278 494 ciuilibus
1407 445 1408 448 ’

205 533 390 602 discordiis·
419 533 531 614 etiam
553 536 760 622 cingulorum
791 533 929 602 audacia
966 531 1080 617 velet)
1102 528 1277 599 Claudius

205 639 408 706 Faventinus
436 640 586 730 centurio
609 661 670 728 per
698 638 910 726 ignominiam
941 658 960 700 e
984 635 1091 703 Galba
1113 633 1277 700 dimissus

206 741 249 808 ad
277 741 494 832 delectionem
523 745 643 824 traxit,
672 745 761 812 lictis
785 741 989 830 Vespasiani
1018 739 1172 827 epistolis
1202 758 1279 824 pra-
1409 778 1410 792 η

206 845 288 910 tium
318 843 518 932 proditionis
548 851 732 916 ostentans.
783 843 949 912 Praeerat
979 845 1081 910 cleesi
1112 839 1279 911 Claudius

206 945 437 1036 Apollinaris,
472 969 578 1035 neque
615 948 695 1015 litlei
724 939 880 1017 constans
916 969 1022 1035 nequo
1050 953 1208 1014 strenuus
1243 943 1279 1008 in

206 1049 357 1141 perfidia.
415 1057 450 1116 et
479 1052 629 1138 Apinius
659 1051 745 1119 Tiro
776 1061 934 1142 practura
972 1051 1108 1116 iunctus
1135 1069 1174 1112 ac
1205 1054 1278 1110 turn

206 1158 295 1228 loric
311 1153 506 1220 Minturnis
545 1175 646 1240 agens
677 1153 792 1223 (lucem
827 1177 864 1223 se
889 1155 1114 1221 defectoribus
1143 1148 1279 1216 obtulit.

206 1261 243 1325 A
268 1256 391 1345 quibus
420 1257 596 1346 municipia
627 1259 840 1348 coloniaeque
876 1259 1058 1346 impulsae,
1094 1253 1276 1343 prac'cipuo

206 1359 469 1428 Puteolanorum
500 1360 534 1425 in
561 1358 809 1448 Vespasianum
844 1361 975 1442 studio,
1018 1366 1133 1426 contra
1161 1354 1279 1443 Capua

206 1463 350 1530 Vitellio
380 1463 466 1540 lida,
497 1463 728 1555 municipalem
759 1465 1013 1532 aemulationum
1040 1461 1140 1528 belbe
1172 1459 1281 1524 cirili-

207 1569 271 1634 bus
294 1567 487 1633 miscebant.
530 1565 692 1634 Vitellios
709 1567 889 1638 Claudium
914 1567 1079 1634 lulianum
1100 1566 1153 1654 (is
1172 1583 1281 1649 nuper

207 1672 349 1736 classem
373 1668 594 1736 Misenensem
613 1671 713 1738 molli
735 1673 878 1761 imperio
898 1671 1053 1756 rexerat)
1074 1667 1281 1756 permulcen-

208 1773 263 1840 slie
291 1773 435 1840 rnilitum
465 1775 584 1840 animis
607 1775 744 1863 delegit,
794 1775 872 1842 (lata
903 1777 937 1842 in
965 1773 1124 1840 auxilium
1151 1769 1280 1836 urbrua

208 1879 327 1943 cobcra
359 1883 395 1942 ei
423 1877 646 1963 gladiatores,
681 1879 804 1966 quibus
831 1879 985 1948 lulianus
1016 1881 1177 1966 praeerat.
1228 1867 1280 1936 Ut

209 1981 331 2047 collata
355 1979 511 2068 utrinque
535 1991 664 2063 casira,
688 1983 776 2050 band
799 2005 917 2070 magne
941 1981 1149 2048 annotatione
1171 1973 1278 2042 lulia-

209 2106 259 2151 no·
280 2083 315 2150 in
340 2089 454 2173 partes
476 2079 679 2172 Vespasiani
709 2095 941 2174 transgresso,
971 2081 1189 2152 Tarracinam
1220 2097 1276 2142 oc-

208 2209 393 2276 cupavere,
424 2186 596 2254 moenibus
626 2190 761 2278 situque
789 2191 895 2276 magis
924 2211 1021 2277 quarn
1049 2189 1197 2276 ipsorum
1227 2180 1278 2245 in-

208 2291 304 2377 genio
326 2299 442 2358 tutam.
483 2291 537 2364 58.
564 2290 659 2378 Quae
681 2295 740 2360 ubi
761 2293 902 2362 Vitellio
924 2291 1074 2378 cognite,
1104 2290 1201 2377 parta
1221 2303 1276 2347 eo·

208 2393 338 2482 piarum
370 2393 519 2462 Narniae
549 2419 622 2462 curn
658 2397 837 2488 praelectis
866 2395 1026 2485 praetorii
1062 2393 1179 2458 relicta
1207 2385 1276 2452 Lu·

208 2499 294 2564 cium
323 2497 500 2566 Vitellium
532 2499 669 2567 fratrem
701 2523 775 2566 com
806 2497 1084 2582 seucoluurtibus
1120 2500 1155 2558 et
1181 2491 1277 2580 quin-

207 2601 317 2688 gentis
340 2601 509 2688 equitibus
538 2603 704 2688 ingruenti
735 2625 796 2691 per
817 2601 1032 2694 Campaniam
1063 2599 1151 2665 bellu
1172 2615 1277 2684 oppo-

208 2707 290 2772 suit.
332 2703 413 2793 lpse
435 2725 534 2791 aeger
562 2707 663 2772 animi
690 2707 814 2774 studiis
844 2707 986 2773 militurn
1015 2712 1050 2770 ot
1076 2697 1276 2766 clamoribus

208 2809 323 2897 populi
351 2829 442 2874 arma
472 2811 641 2898 poscentis
669 2811 900 2892 refovebatur,
930 2809 1008 2876 dnm
1037 2807 1154 2890 volgus
1183 2804 1276 2887 igna-

208 2933 281 2978 vom
304 2917 339 2976 ot
360 2911 444 2978 nibil
471 2914 563 2978 ultra
584 2913 684 2980 verba
708 2935 865 2979 uueurum
895 2913 980 2977 falsa
1011 2909 1122 2999 specie
1151 2904 1297 2972 anerei·

206 3020 277 3079 tum
309 3020 344 3078 et
379 3013 526 3100 legiones
552 3015 719 3105 appellat.
777 3014 988 3081 hortantibus
1018 3011 1150 3078 libertis
1176 3009 1274 3094 (nam

207 3111 387 3182 amisorum
411 3115 484 3183 eine
505 3127 630 3204 quanto
652 3119 730 3206 quie
746 3117 887 3194 clarior,
909 3119 1017 3182 minus
1038 3113 1143 3198 lidus)
1165 3111 1278 3182 vocari

207 3219 318 3286 tribus
347 3217 459 3303 iubet,
496 3217 615 3290 dantes
644 3223 775 3290 nomina
811 3227 1018 3288 sacramanto
1056 3217 1173 3304 adigit.
1221 3235 1277 3280 eu·

259 3393 289 3444 c.
302 3391 345 3444 57.
380 3392 552 3458 miscebant]
574 3398 607 3447 li.
622 3409 646 3447 c.
668 3397 720 3448 lm·
762 3399 793 3446 nt
812 3396 908 3446 aruino
935 3398 1076 3448 senatorio
1096 3399 1125 3447 et
1152 3389 1276 3459 equestri

209 3461 369 3516 miscebant.
762 3465 910 3516 interiores
925 3469 1021 3526 erent,
1045 3467 1086 3516 lta
1105 3475 1203 3516 rursus
1222 3472 1274 3510 en-

260 3531 336 3582 iano
349 3543 453 3596 moqno
474 3564 502 3582 ..
522 3535 721 3600 monaqrceeo]
762 3533 868 3584 teibant
887 3536 1019 3600 nignitate
1038 3547 1098 3585 cen
1121 3529 1275 3583 multitudi-

209 3602 285 3650 llecc
307 3602 372 3649 sunt
393 3602 539 3663 protnseoe
564 3615 646 3666 pars,
667 3613 721 3654 nou
763 3615 840 3667 nem,
865 3617 934 3667 qoec
959 3605 1057 3668 popuii
1081 3605 1189 3654 rnomlnc
1214 3599 1274 3662 pie-

209 3671 373 3736 upotloeccs.
765 3683 878 3735 rumque
905 3674 1077 3736 significatur
1099 3675 1127 3722 et
1151 3674 1275 3722 frumen-

206 3785 211 3802 ,
260 3737 527 3803 ipsornminqenic]
544 3739 722 3790 ineenset
765 3747 821 3790 tum
843 3743 977 3804 publicum
997 3743 1158 3803 accipiebat.
1198 3739 1275 3788 suet.

212 3809 374 3862 fortitudine
387 3807 574 3858 incolentium.
766 3815 836 3872 Aug:
857 3811 915 3863 iol.
953 3811 1073 3877 bepocit
1093 3811 1197 3875 propalo
1215 3807 1276 3858 llo-

261 3876 292 3930 c.
308 3875 350 3928 58.
384 3877 533 3938 Nursiae]
556 3877 589 3926 ln
610 3875 723 3927 Umbria
765 3891 849 3929 mono
870 3881 1121 3945 quadrinqentiea,
1148 3876 1277 3928 tribubus

213 3947 359 3998 seniorem
379 3945 506 4010 flurium,
523 3945 602 3996 nodie
617 3945 722 3996 Nerei.
766 3947 866 3998 tricies
914 3949 1061 4014 quinquies
1100 3945 1278 4000 sestertium.

261 4017 361 4068 uocari
392 4015 505 4074 tabor]
539 4015 627 4064 lirant
659 4017 724 4064 tuno
766 4018 840 4076 Ergo
867 4016 983 4067 tribules
1013 4019 1106 4078 utpote
1136 4013 1277 4078 pecuniosi

213 4085 342 4150 temporis
372 4083 484 4138 XXXV
512 4082 617 4148 tribus,
653 4096 723 4148 quac
766 4087 946 4139 conterebant
959 4087 994 4137 ol
1013 4089 1137 4150 sumptus
1150 4087 1279 4136 extraor-
