2844 4794
517 287 640 361 CAP.
663 289 819 362 12—13.
1173 299 1216 367 1⁷

2 464 5 475 '
132 455 232 542 globo
256 457 474 543 circumdari,
502 462 537 530 in
559 485 641 553 pace
663 462 787 540 decus,
817 463 853 532 in
875 462 967 532 loello
992 465 1209 554 praeeidinm.

132 583 190 628 neo
213 563 323 630 solnm
346 563 380 629 in
403 587 464 631 sua
486 569 731 656 geniumque,
751 567 811 634 sed
832 565 922 654 apud
942 567 1103 636 finitimae
1124 593 1208 660 quo.

131 687 197 754 que
219 665 374 736 civitatee
402 667 438 732 id
469 689 608 752 nomen,
644 692 684 738 ea
705 669 814 755 glorie
841 679 912 752 eet,
940 669 971 737 ei
998 691 1137 741 numero
1168 699 1206 744 ac

1 809 2 828 ÷
130 770 257 838 virtute
285 771 466 837 comitatus
488 772 649 840 emineat:
685 779 887 859 expetuntur·
910 774 998 840 enim
1027 775 1206 862 legationi·

129 871 193 938 bne
225 881 260 940 et
290 873 482 940 muneribus
517 881 681 942 ornantur
715 881 751 941 et
779 875 854 962 ipsa
883 875 1081 966 plerumque
1115 881 1204 950 lame

129 977 219 1044 bella
242 978 431 1065 profligant.
475 978 529 1046 le.
551 977 637 1046 Cum
651 985 787 1046 renuam
808 978 844 1044 in
861 978 983 1060 aciem,
1003 985 1204 1075 turpeprin.

128 1079 196 1168 cipi
226 1081 352 1148 virtute
378 1079 485 1162 rinei,
521 1089 622 1170 turpe
649 1080 824 1148 comitatui
853 1081 1011 1148 virtutem
1040 1084 1204 1175 principie

129 1202 194 1250 non
224 1182 422 1271 adaequare.
475 1183 541 1250 iam
564 1205 644 1252 rere
671 1185 795 1250 infame
822 1182 857 1249 in
880 1205 1011 1252 omnem
1037 1190 1140 1257 eitam
1164 1213 1203 1258 ac

129 1285 327 1374 probrosum
354 1286 570 1373 superstitem
592 1287 737 1377 principi
759 1307 822 1354 suo
849 1307 890 1352 ex
915 1287 986 1354 acie
1008 1294 1203 1364 recessieee.

127 1388 223 1454 illum
243 1387 440 1470 defendere,
462 1389 569 1472 tueri,
595 1413 657 1460 sue
679 1411 810 1478 queque
828 1392 931 1458 fortia
959 1393 1049 1460 lacta
1073 1397 1202 1480 gloriae

1 1511 3 1525 ¹
126 1491 200 1558 eius
222 1493 395 1580 assignare
415 1492 628 1581 praecipuum
650 1501 894 1562 sacramentnm
916 1502 982 1564 eet.
1022 1493 1201 1588 Principes

126 1617 188 1684 pro
211 1595 351 1664 victoria
375 1603 540 1700 pugnant,
568 1599 708 1666 comites
730 1619 792 1688 pro
813 1597 976 1686 principe.
1020 1597 1059 1668 si
1081 1603 1202 1672 ciritae

1 1755 2 1764 ,
125 1699 160 1764 ίιι
182 1719 247 1784 qna
273 1699 341 1766 orti
371 1707 450 1766 sunt
478 1702 577 1787 longa
600 1724 683 1792 pace
710 1711 746 1769 et
771 1703 841 1770 ctio
870 1708 1023 1790 torpeat,
1048 1706 1202 1794 plerique

124 1801 285 1872 nobilium
309 1801 574 1871 adulescentium
597 1811 717 1893 petunt
737 1803 830 1870 ultro
850 1825 907 1870 eas
928 1805 1093 1889 nationes,
1114 1831 1208 1897 qnae.

124 1910 196 1972 tum
217 1905 342 1972 bellum
355 1904 503 1995 ‚aliquod
526 1913 666 1992 gerunt,
686 1907 765 1995 quie
778 1914 814 1974 et
834 1908 966 1992 ingrate
982 1911 1074 1995 genti
1093 1911 1202 1999 quies,

123 2015 159 2074 et
181 2007 315 2074 facilius
337 2008 427 2076 inter
451 2011 609 2099 ancipitia
632 2010 830 2094 clarescunt,
856 2031 1078 2100 magnumque
1099 2015 1202 2080 comi·

124 2118 232 2180 tetum
257 2113 389 2178 nonnisi
411 2112 445 2179 ri
465 2113 621 2200 belloque
641 2119 771 2180 tueare.
812 2114 950 2200 exigent
969 2115 1056 2180 enim
1077 2115 1209 2202 prinei<

123 2217 177 2305 pie
197 2213 252 2282 eui
272 2215 481 2283 liberalitate
503 2217 600 2284 illurn
624 2215 822 2284 bellatorem
843 2237 982 2304 equum,
1007 2216 1101 2284 illam
1125 2239 1202 2285 cru-
1230 2255 1234 2262 ·

122 2325 232 2384 entem
265 2319 500 2407 victricemque
530 2320 703 2388 frameam.
751 2339 827 2384 nam
856 2321 976 2408 epulae
1003 2325 1054 2402 et,
1082 2340 1202 2408 qnam-

122 2442 222 2508 quam
252 2421 430 2508 incompti,
464 2424 553 2509 largi
584 2431 695 2489 tamen
722 2427 907 2509 apparatus
938 2443 1001 2512 pro
1028 2423 1200 2512 stipendio

121 2521 255 2592 cedunt.
286 2523 430 2590 Materia
446 2525 689 2592 munificentiae
711 2545 773 2613 per·
794 2524 885 2590 bella
901 2533 937 2590 ct
958 2532 1094 2613 raptus.
1125 2525 1201 2595 Nec

121 2647 219 2692 arere
242 2631 367 2692 terram
390 2634 450 2692 aut
472 2632 647 2717 expectare
667 2647 788 2692 anunm
811 2633 878 2692 tam
900 2626 1000 2694 facile
1021 2648 1200 2718 persuase-

120 2727 170 2794 ris
185 2749 284 2816 quam
303 2749 424 2795 vocare
443 2729 572 2796 hostem
595 2733 631 2796 et
644 2731 779 2796 volnera
801 2731 934 2800 mereri.
965 2730 1099 2818 pigrum
1118 2733 1200 2820 quin

119 2831 221 2900 immo
251 2835 285 2897 et
316 2830 407 2899 inere
436 2831 570 2900 videtur·
598 2831 722 2902 endere
751 2833 925 2924 acquirere
959 2833 1051 2922 qnod
1087 2837 1200 2926 possis

120 2937 282 3024 sanguiue
305 2957 437 3026 parare.

118 3144 296 3210 proculcato,
313 3145 400 3198 deoru
418 3149 448 3198 et
461 3146 640 3211 prumiam
732 3145 810 3196 Nom
827 3146 940 3209 epicos]
957 3147 1054 3200 Naxus
1068 3147 1125 3200 eet:
1140 3147 1199 3201 Do-

117 3216 358 3278 pro‘cppositione
371 3217 534 3278 preadicetl.
681 3225 718 3264 ne
731 3215 956 3266 extraordinaria
970 3219 998 3268 et
1011 3219 1200 3282 praemlenon

45 3283 49 3293 ’
167 3285 323 3336 comitator
336 3285 477 3348 genitivus
490 3288 549 3349 est3
567 3283 638 3338 cort
680 3287 795 3346 eperunt
812 3283 863 3332 sed
889 3285 1003 3348 exigunt
1029 3298 1048 3338 c
1074 3289 1200 3354 ducibus,

116 3353 187 3404 nect
211 3353 248 3405 ad
272 3353 444 3419 singularem
463 3355 567 3421 critque
587 3368 637 3406 re-
680 3351 750 3403 colis
770 3351 860 3415 epulie
883 3365 940 3403 non
961 3357 1102 3421 contenti3
1136 3369 1201 3408 num

115 3423 218 3473 fertur.
648 3469 656 3492 5
680 3433 729 3472 eae
743 3420 875 3484 stipendii
889 3423 936 3475 vel
949 3425 1110 3476 ordinariae
1122 3439 1199 3478 mer-

168 3487 201 3540 c.
216 3485 258 3539 11.
292 3488 350 3540 ioru
363 3502 435 3542 cero
454 3492 490 3542 erl
503 3489 638 3556 greviora
681 3491 758 3545 cedis
775 3491 838 3542 loco
858 3493 976 3560 halem,
1007 3507 1062 3548 nou
1082 3495 1200 3558 praemii

116 3557 274 3608 nauseanti
296 3561 431 3624 inservit,
450 3563 481 3610 ut
501 3560 562 3610 uod
575 3561 638 3610 ool-
680 3560 917 3614 colibernlitatie.

114 3627 197 3676 iraclr
214 3635 289 3693 par,
313 3631 345 3676 nt
367 3629 438 3678 illst
460 3629 525 3694 1,2.
549 3630 587 3676 nt
609 3627 637 3678 iu
730 3631 890 3694 apparatae
919 3629 1091 3681 nominativo
1118 3641 1198 3699 ooeu,

115 3694 147 3746 Ρ.
160 3697 205 3746 est
222 3696 286 3747 icae
300 3697 379 3746 ciro.
680 3710 735 3749 non
754 3697 877 3764 genitivo
889 3697 1104 3764 intelligendum.
1134 3700 1199 3750 uir·
1288 3705 1290 3710 ’

166 3764 337 3832 defendero,
352 3764 445 3824 tueri]
480 3763 545 3816 vid.
559 3765 635 3830 Syn-⁴
679 3767 738 3818 sert
763 3767 913 3830 aliquando
934 3769 969 3818 ao
986 3768 1085 3830 epulis.
1127 3769 1199 3819 Nam

117 3843 163 3886 uu.
183 3835 248 3883 Lot.
269 3834 298 3883 Τ.
310 3833 359 3884 lv.
379 3847 406 3896 p·
419 3833 479 3884 306.
679 3837 779 3900 epulae
795 3837 831 3886 ei
851 3837 1040 3898 exceptionem
1060 3837 1199 3900 hospitum

165 3901 331 3954 nemnem
351 3907 467 3968 equam]
491 3904 535 3954 lix
553 3903 635 3968 Vqu·
678 3907 820 3972 retertur,
838 3909 999 3972 apparatur
1017 3905 1055 3957 eo
1072 3911 1199 3971 sumptus

116 3969 150 4022 fl.
164 3969 202 4037 11,
223 3967 284 4022 14⁵.
309 3971 385 4024 ilino
404 3971 525 4024 tutator
546 3985 635 4039 equor
678 3974 852 4037 excipientis.

116 4041 430 4104 comportatorum
451 4041 563 4111 infert,
587 4043 635 4094 vel
728 4043 850 4103 occare]
874 4043 909 4094 fl.
930 4055 954 4092 e.
978 4053 1150 4111 provocare,
1169 4050 1200 4098 nt

114 4109 196 4164 (lvii.
209 4110 289 4161 rese
304 4109 343 4179 ll,
358 4112 400 4163 12.
678 4111 713 4160 li.
728 4113 779 4180 Ν,
793 4113 836 4165 80.
854 4124 890 4163 ex
903 4109 985 4177 virg.
999 4112 1033 4163 u.
1048 4113 1101 4183 w,
1112 4115 1158 4168 76.

157 4191 528 4251 recommemorata.
552 4195 582 4245 c.
599 4193 637 4248 ιι.
653 4195 684 4246 r.
701 4195 736 4247 ιι.
983 4195 1006 4260 2

667 4445 723 4466 ''u-nn
