2854 4798
420 279 525 356 ΗΒ.
548 280 596 356 11.
640 277 760 352 GAP.
780 283 938 354 to-tu
1150 281 1214 351 lll

71 501 83 514 ·
141 457 218 548 pits
244 454 365 524 ducum
397 457 541 544 segnitia
569 477 639 524 rem
670 457 704 524 in
733 455 912 524 discrimen
939 454 1031 522 mitti
1063 451 1262 534 inuolatus·

146 581 245 648 aeger
265 581 356 627 mora
379 569 414 628 et
436 562 510 650 spei
530 561 722 649 impatiens.

245 697 302 762 41.
343 691 468 760 Eadem
498 691 552 760 die
582 693 624 761 ad
649 693 826 763 Caecinam
850 690 944 780 operi
966 692 1080 782 pontis
1107 690 1215 760 inten-

145 801 217 861 tum
248 795 315 862 duo
345 799 587 885 praetoriarum
622 799 805 866 cohortium
834 793 979 875 tribuni,
1013 797 1214 884 colloquium
1247 865 1251 873 ,

144 900 219 966 eius
238 896 461 988 postulantes,
481 909 654 970 venerunt.
695 899 829 969 Audire
847 897 1057 965 condiciones
1079 921 1117 964 nc
1138 899 1214 965 rod-

143 1000 225 1070 dere
247 1004 407 1093 parabat,
438 1025 512 1070 curn
538 1005 739 1092 praecipites
762 1004 991 1092 exploratores
1016 999 1134 1068 adesse
1155 1003 1214 1069 lno-
1266 1087 1270 1096 ,
1308 1069 1310 1072 .

138 1099 231 1173 'erem
252 1107 457 1178 nuntiavere.
499 1109 708 1196 interruptus
727 1107 936 1173 tribunorum
959 1126 1085 1187 sermog
1108 1122 1222 1195 eoque‘

2 1242 5 1255 ·
143 1207 308 1276 incertum
329 1211 414 1290 fuit,
440 1209 582 1277 lusidius
604 1231 645 1276 an
673 1209 893 1298 proditionem
917 1211 970 1276 vel
991 1208 1127 1297 aliquod
1154 1213 1214 1277 lno-

145 1321 280 1380 uostum
307 1314 482 1381 consilium
515 1315 754 1402 coeptaverint.
805 1311 948 1382 Caenina
972 1309 1121 1379 dimissis
1140 1315 1214 1382 tri·

3 1457 4 1462 1
144 1417 245 1484 hunis
274 1425 425 1486 revectus
454 1415 488 1482 in
520 1423 631 1482 castro
670 1415 782 1482 datum
812 1416 907 1482 iussu
937 1413 1035 1482 Fabii
1056 1413 1213 1485 Valentis

144 1541 276 1610 pugnae
298 1522 428 1607 signum
450 1527 486 1586 et
513 1519 655 1585 militem
675 1520 709 1585 io
730 1522 833 1586 armis
859 1517 995 1586 invenit.
1043 1519 1134 1586 Dum
1163 1523 1212 1587 le-

145 1625 260 1711 giones
284 1623 325 1690 de
346 1621 463 1690 ordine
487 1622 628 1709 agminis
655 1623 862 1702 sortiuntur,
892 1621 1022 1708 equites
1049 1645 1214 1714 prorupe-

139 1749 201 1811 reg
223 1738 259 1795 et
280 1727 400 1794 mirum
423 1725 534 1808 dictu,
564 1749 583 1792 a
604 1725 818 1812 paucioribus
842 1725 1041 1793 Othonianis
1063 1747 1129 1815 qno
1151 1729 1213 1794 mi·

143 1853 207 1899 nus
234 1833 269 1898 in
291 1833 416 1898 vallum
432 1830 728 1919 -impingerentor,
758 1827 898 1897 Italicae
922 1830 1065 1918 legionis
1087 1831 1213 1899 virtute

145 1933 301 2002 deterriti
322 1945 413 2003 sunt.
443 1931 496 2000 'ea
519 1935 650 2000 strictis
673 1935 885 2001 mucronibus
908 1935 1020 2000 redire
1041 1937 1157 2024 pulsos
1178 1943 1214 2003 et

144 2061 287 2127 pugnam
311 2057 480 2106 resumere
503 2037 622 2124 coegit.
672 2033 853 2124 Disposita
873 2035 1134 2104 Vitellianarum
1163 2039 1213 2105 le-

143 2143 278 2226 gionum
302 2141 391 2208 acies
414 2141 486 2234 eine
508 2140 754 2230 trepidatione:
783 2142 924 2223 etenim,
953 2162 1141 2229 quanquam
1164 2142 1212 2210 vi·

143 2245 218 2312 cino
242 2245 357 2325 hoste,
381 2253 538 2336 aspectus
560 2266 727 2310 armoru-
751 2241 864 2313 densis
887 2244 1036 2312 arbustis
1058 2244 1213 2333 prolriloe·

142 2349 254 2414 batur.
304 2347 410 2435 Apud
433 2347 643 2414 Othonianos
669 2347 782 2437 pavidi
804 2347 922 2429 duces,
954 2351 1050 2416 miles
1070 2347 1212 2415 ducibus

143 2449 310 2527 infensus,
339 2452 441 2516 mixta
464 2451 612 2518 uehicula
635 2464 670 2518 et
693 2455 797 2533 lixae,
828 2459 863 2517 ct
886 2453 1077 2542 praeruptis
1103 2453 1212 2518 utrin-

142 2573 209 2640 que
229 2553 331 2618 lessio
353 2553 406 2618 nin
429 2554 545 2641 quieto
562 2575 694 2642 quoque
716 2557 838 2641 agmini
861 2565 1014 2642 angusto.
1058 2551 1211 2624 Circum-

144 2655 267 2723 eistere
293 2655 353 2721 alii
380 2657 474 2742 signa
498 2680 576 2740 sua,
609 2679 770 2744 quaerere
792 2659 866 2742 aliig
896 2661 1043 2726 incertus
1065 2657 1212 2747 undique

142 2760 269 2826 clamor
283 2759 539 2840 accurrentium,
557 2763 790 2844 recitantium
813 2770 848 2828 et
868 2771 909 2830 ut
931 2766 1052 2851 cuique
1072 2761 1211 2830 audacia
1241 2757 1243 2764 ’

141 2863 195 2930 vel
213 2859 376 2943 lor-ido,
406 2863 602 2951 imprimam
622 2875 864 2954 postremamve
888 2863 991 2931 aciem
1018 2887 1212 2956 prorumpe-

140 2966 224 3032 leant
251 2973 311 3031 aut
341 2965 589 3036 alcmeonem.
644 2969 699 3036 42.
729 2967 907 3035 Attonitas
935 2969 1047 3037 subito
1080 2979 1211 3038 terrore

141 3075 269 3137 mentes
293 3069 415 3136 lalsum
438 3070 595 3156 gaudium
626 3071 661 3138 in
688 3073 880 3157 languorem
913 3073 1032 3155 vertit,
1064 3077 1219 3168 repertis⁴

147 3309 149 3316 .
206 3257 289 3314 ott.
324 3260 513 3314 cocttoatium
531 3263 668 3331 Plancus,
686 3263 747 3316 scil.
764 3277 796 3316 ca
811 3261 939 3316 uatem
973 3263 1030 3315 Alli
1047 3265 1128 3334 enlm,
1147 3269 1211 3322 dum

171 3332 308 3396 quaerunt
324 3331 405 3394 cigno
421 3343 473 3382 sun
489 3334 518 3382 et
534 3336 700 3398 accurrunt,
719 3335 890 3400 clamabant,
908 3332 975 3400 elit,
993 3335 1056 3386 dum
1073 3341 1211 3402 vagantes

172 3403 326 3464 Quaerunt
343 3411 445 3462 cosque
468 3401 504 3452 ad
528 3413 579 3454 sna
603 3415 736 3467 quemque
760 3404 840 3467 algua
862 3403 972 3454 vocarat.
1008 3407 1045 3454 nt
1067 3407 1122 3456 Mn.
1147 3409 1209 3459 otu-

170 3471 311 3520 maottum
327 3481 468 3530 supernor.
491 3481 536 3522 co.
577 3473 609 3524 ld
628 3475 692 3537 post
708 3474 819 3524 mneos·
834 3473 863 3524 et
878 3475 1045 3536 superfluum
1068 3479 1098 3526 ct
1115 3473 1209 3530 disso-

170 3549 244 3587 num.
277 3537 394 3588 Boculus
412 3539 600 3592 outtaottuos.

140 3685 200 3739 124.
226 3687 327 3740 omaso
339 3687 381 3738 stc
393 3689 653 3756 tomporcprtaoo-
694 3691 815 3744 sesua
834 3727 870 3744 ..
896 3689 1070 3759 tnoptsgcret
1093 3693 1208 3760 wadon

138 3759 208 3816 tur.
231 3760 266 3807 ot
279 3757 345 3806 ittor
358 3757 553 3810 Nuratdorurn
563 3773 653 3826 proo-
694 3763 795 3814 scuria

137 3827 244 3878 currat
255 3825 412 3890 equitatus,
422 3829 456 3878 ut
469 3841 570 3892 epm
582 3843 653 3880 cur·

137 3908 237 3947 aarum
254 3895 425 3952 ontcecdntr
456 3897 521 3948 coll.
544 3911 588 3962 sp.
607 3897 652 3950 88.
743 3897 839 3950 netnto
852 3929 875 3949 ..
899 3897 992 3956 donc]
1009 3893 1207 3965 Nonianum,

137 3965 260 4018 ltutlsl
277 3962 372 4034 Χ,18.
393 3963 437 4016 ltx
452 3965 529 4016 Lrns.
693 3969 743 4018 sed
750 3969 859 4032 utrique
866 3965 980 4018 immixti
991 3965 1108 4015 militnm
1116 3969 1206 4032 agmi-

189 4033 220 4086 0.
237 4030 281 4085 41.
329 4033 577 4100 rumperentur]
609 4037 651 4088 Ex
692 4037 739 4100 ui;
763 4037 819 4088 old.
839 4038 906 4088 md.
929 4034 1207 4090 montumano

136 4099 216 4170 virg.
232 4105 302 4158 Aen.
318 4103 356 4171 V,
371 4103 433 4158 80⁵.
470 4102 541 4158 cono
561 4099 652 4158 Treta
693 4105 765 4158 aaa
779 4117 890 4174 qnos.
