2854 4798
213 235 260 302 it
547 235 958 312 Hlsuomnnun

164 403 253 482 eoin
273 425 405 490 omnes,
434 430 518 496 quus
545 411 705 480 nobilitas
727 423 787 482 out
815 437 896 502 opos
919 425 979 483 eut
1005 415 1121 505 aliquo
1147 415 1293 503 insignis

214 511 382 578 claritudo
403 515 594 582 rumoribus
616 519 796 590 obiecerat.
845 519 1047 588 Vitellianos
1068 541 1202 609 quoque
1227 519 1292 586 mi-

213 615 294 682 lites
315 616 447 684 venisse
467 619 501 684 iu
522 620 639 688 urbem
662 621 705 688 nd
724 621 837 692 studio
859 624 1005 709 portium
1028 622 1195 690 noscendo
1216 624 1292 711 pte-

212 719 310 807 nique
330 719 523 794 credebant.
564 723 653 791 uude
673 729 774 814 plene
795 728 906 794 omnio
927 727 1156 816 suspicionum
1177 735 1213 793 et
1233 727 1288 794 vix
1406 721 1407 778 i

213 830 345 890 secretu
367 822 523 892 domuum
544 827 618 894 sinc
640 827 831 901 formidine.
890 828 959 898 sec
980 829 1161 917 plurimum
1182 830 1290 918 tropi·

213 927 361 994 dationis
382 929 417 993 in
434 929 587 1017 publico,
617 937 842 1020 utquomque
864 932 1015 998 nuntium
1040 933 1130 1001 foma
1152 935 1289 1002 attulis-

213 1037 283 1114 set,
320 1033 464 1098 animum
489 1034 679 1122 voltumque
706 1035 896 1112 conversis,
930 1056 972 1102 no
992 1033 1146 1106 diffidere
1174 1036 1289 1104 dubiis

213 1157 252 1201 oc
274 1156 392 1225 perum
419 1134 565 1222 gaudere
594 1142 767 1229 prosperis
795 1139 1000 1210 viderentur.
1052 1139 1179 1209 coacto
1205 1163 1288 1210 vero

212 1239 248 1304 in
276 1237 403 1304 curium
431 1248 551 1306 seuotu
581 1241 709 1310 arduus
743 1263 856 1308 rerum
888 1241 1033 1308 omnium
1065 1241 1203 1326 moins,
1245 1267 1288 1312 ne

211 1350 388 1408 contumax
419 1343 608 1427 sitentium,
641 1367 683 1412 ue
711 1351 868 1433 suspecto
896 1345 1056 1412 libertos:
1090 1355 1127 1412 et
1152 1348 1288 1435 privato

211 1445 342 1513 Othoni
371 1465 479 1536 cuper
500 1456 600 1536 etque
622 1447 737 1516 eedem
760 1449 884 1515 dicenti
905 1456 985 1515 uoto
1008 1449 1169 1520 adulatio.
1215 1449 1289 1540 Igi-

210 1559 269 1618 tur
291 1569 425 1617 versure
447 1551 631 1618 sententies
651 1560 687 1618 et
707 1553 771 1618 buo
794 1559 895 1639 utque
917 1553 999 1618 illuc
1023 1559 1197 1643 torquere,
1226 1559 1288 1625 bo·

211 1661 298 1720 stem
325 1663 360 1720 et
389 1655 590 1742 parricidam
618 1655 796 1723 Vitellium
820 1659 996 1736 vocantes,
1028 1657 1286 1744 providentissi-

210 1781 286 1826 mus
309 1759 452 1846 quisque
474 1759 667 1844 volgaribus
689 1757 867 1838 conviciis3
895 1756 1033 1844 quidem
1059 1783 1139 1826 vero
1161 1764 1285 1850 probro

210 1863 339 1944 iecere,
367 1864 402 1928 in
423 1863 569 1930 clamore
590 1871 702 1929 tomen
729 1869 765 1928 st
793 1859 852 1927 ubi
882 1861 1048 1948 plucimae
1076 1885 1193 1949 voces,
1222 1877 1284 1936 eut

209 1967 357 2037 tumultu
378 1966 554 2034 vorborum
574 1967 641 2034 eibi
663 1966 732 2052 ipsi
753 1964 999 2053 obstrepentes.
1039 1969 1096 2040 86.
1121 1967 1285 2060 Prodigia

210 2071 349 2160 insuper
369 2070 542 2136 terrebant
563 2069 707 2138 diversis
731 2067 924 2136 auctoribus
946 2071 1101 2156 volgata:
1124 2073 1158 2138 in
1179 2077 1285 2143 vesti-

208 2174 289 2242 bulo
311 2173 474 2262 capitolii
494 2172 637 2239 omissos
658 2172 805 2239 hebenus
833 2171 948 2258 bigne,
971 2175 1026 2238 oui
1048 2171 1203 2245 Victoria
1232 2183 1285 2248 in-

208 2278 364 2360 stiteret3
391 2277 544 2366 erupisse
568 2277 654 2344 celle
675 2275 815 2344 Iunonis
845 2274 1003 2342 maiorem
1033 2275 1176 2346 bumana
1206 2305 1284 2373 spe.

207 2382 312 2465 ciem3
336 2387 482 2448 statuum
505 2379 575 2447 divi
594 2380 676 2447 lotii
697 2381 732 2446 in
753 2379 863 2445 insule
885 2377 1040 2445 Tiberini
1062 2383 1169 2450 omnis
1190 2407 1284 2454 sere·

207 2507 250 2552 no
280 2493 315 2552 et
345 2485 483 2550 immoto
513 2484 568 2550 die
596 2483 639 2548 eb
662 2482 846 2550 Occidente
875 2483 911 2549 in
939 2483 1114 2552 Orientem
1144 2509 1284 2557 conver·

206 2610 297 2672 sam3
319 2589 529 2676 prolocutum
550 2587 585 2653 iu
600 2586 739 2654 Etruria
756 2585 890 2669 bovem3
912 2588 1068 2655 insolitos
1088 2591 1281 2660 onimelium

205 2700 344 2784 pontus,
373 2699 409 2758 et
435 2693 535 2781 pluro
562 2691 646 2772 olio,
676 2689 818 2756 rudibus
842 2689 986 2758 saeculis
1013 2691 1114 2758 etiem
1141 2695 1177 2762 iu
1200 2713 1282 2785 poce

206 2798 406 2874 observato,
429 2817 515 2884 quoe
537 2815 623 2861 nuno
645 2801 775 2860 tentum
797 2793 833 2859 iu
857 2801 947 2859 metu
965 2793 1158 2862 audiuntur.
1211 2799 1281 2867 seo

204 2905 406 2990 proecipuus
428 2910 559 2967 etcum
589 2900 759 2987 praesenti
781 2897 883 2963 exitio
913 2898 1014 2964 etium
1038 2899 1148 2966 futuri
1175 2925 1280 2994 ponor

239 3057 366 3181 11⁰2?
399 3060 522 3124 spectem
539 3059 599 3109 edd.
617 3060 656 3110 st
672 3060 728 3108 Ma.
746 3055 839 3122 specie
855 3067 911 3106 non
927 3055 1066 3122 deteriusp
1086 3059 1142 3110 vid.
1161 3060 1190 3111 iu
1207 3065 1281 3114 Anu.

269 3163 279 3198 ,
336 3162 342 3176 .

254 3243 389 3303 versare]
399 3243 487 3294 Anxie
495 3245 673 3306 perpendere,
685 3255 720 3292 nc
813 3239 845 3291 in
858 3241 950 3301 meto]
958 3238 1062 3303 Quippe
1076 3243 1127 3294 hoc
1142 3243 1280 3309 ingenium

203 3316 278 3366 torto
291 3313 437 3364 offensioni
451 3313 559 3376 forent,
576 3315 607 3362 nt
620 3313 649 3362 in
662 3313 720 3363 lto-
763 3309 856 3374 vulgi,
874 3313 939 3360 tunc
961 3312 1088 3360 converti
1108 3315 1144 3362 ed
1163 3315 1280 3380 religio·

202 3385 330 3447 rationo,
352 3385 473 3435 Versata
486 3384 537 3433 dio
551 3383 620 3448 poia
634 3384 720 3449 ferre
762 3391 814 3429 ues
826 3381 855 3428 ct
866 3381 1152 3434 monstroobscrvore
1165 3387 1214 3434 out
1226 3383 1281 3435 fin·

202 3455 350 3506 recusent.
762 3461 839 3513 gere.
857 3449 1025 3499 claudianus
1040 3453 1280 3512 oppositedebell.

256 3553 286 3605 C.
300 3555 345 3606 86.
381 3549 500 3603 omissos
516 3547 648 3616 habenas,
671 3537 720 3600 ὥς·
763 3518 824 3568 Get'
841 3518 903 3570 ²⁷⁷⁶
946 3517 1036 3582 mm
1049 3523 1093 3570 ⁶⁸²
1109 3522 1280 3588 ‘mmm

203 3641 256 3693 nep
275 3619 386 3690 sporcio·
402 3618 442 3688 μή
462 3615 624 3686 δυναμένης,
643 3617 720 3667 accit
761 3587 1282 3724 {zwrggpgzrmss'mnmffi'

204 3695 380 3744 mmm·
429 3773 436 3786 ,
697 3769 703 3782 ,
762 3725 841 3775 moto
855 3727 940 3792 culpo
953 3729 1095 3792 narrari,
1114 3729 1184 3779 tunc
1197 3742 1282 3780 mon·

256 3775 510 3836 cell⁰1¹⁸¹¹⁰²⁸⁸⁸ll¹¹
523 3775 624 3837 “mim
635 3771 720 3834 ΟΨ·
763 3797 829 3844 stru
849 3794 936 3846 deum
953 3795 1133 3861 mentitosque
1153 3799 1281 3852 sinistri.

206 3849 302 3900 tulino.
451 3911 455 3922 Ι
763 3863 1108 3928 ereptosqucccuacitum
1119 3867 1155 3917 ib.
1163 3867 1225 3917 239.
1237 3869 1282 3921 Et

258 3935 290 3983 tn
303 3931 463 3990 Orientem]
478 3929 618 3991 nonquam
631 3941 666 3977 ex
687 3939 721 3978 ee
764 3931 790 3982 ct
803 3935 878 3996 poco
896 3935 1024 4000 sonasse
1045 3936 1124 4000 putee
1143 3937 1281 4003 neptens-

205 4007 287 4068 porte
307 4005 336 4052 et
355 4002 390 4051 ob
404 3999 580 4061 Vespasiano
602 3997 721 4050 satutem
763 4003 816 4052 rat
841 4015 941 4072 omen,
975 4003 1059 4057 oddtt
1086 4015 1161 4058 coru
1187 4007 1279 4062 mois.

206 4075 306 4138 populo
319 4069 624 4132 Romouocxpcctcrct.
764 4071 841 4124 Lus.
