2854 4798
197 245 243 311 76
535 245 938 319 ΗΙΒΤΟΜΔΒΠΜ

146 421 370 506 eapoeterum
393 419 546 490 milities.
595 421 743 490 Addidit
768 425 870 492 classi
892 422 1039 492 urbanae
1058 421 1214 490 uoluentes
1240 429 1281 490 et

196 521 379 610 pleraeque
405 546 425 592 e
451 526 694 615 praetorianis,
723 528 813 594 vires
841 535 876 594 et
903 527 1008 594 robur
1031 528 1198 594 exereitus
1222 533 1279 592 at-

195 647 262 712 que
283 627 370 715 ipsis
385 625 526 696 dueilaus
547 630 723 698 eonsilium
746 637 780 698 et
802 629 970 700 custodes.
1015 629 1153 698 Summe
1175 649 1277 717 expe-

195 730 343 814 ditionis,
357 732 507 800 Antonia
529 731 692 810 Novello,
714 731 839 802 Suedio
864 731 1032 802 Clementi
1053 731 1278 822 primipilari-

193 833 279 914 bus,
299 833 450 900 Aemilio
474 833 635 916 Pacensi,
656 836 711 902 oui
733 825 923 925 ademptum
947 859 967 904 a
991 837 1099 906 Galba
1121 837 1277 904 tribuua-

194 944 267 1004 tum
291 937 498 1018 reddiderat,
518 941 694 1027 permieea.
737 937 860 1008 Curam
883 943 1016 1010 uarium
1036 941 1148 1009 Oeous
1169 939 1275 1006 liber-

194 1047 253 1104 tus
265 1040 449 1122 retinebat,
471 1040 513 1107 ad
527 1039 766 1110 observandam
785 1043 1012 1110 honestiorum
1033 1044 1132 1112 fidem
1152 1045 1275 1109 immu-

193 1149 299 1214 tatus.
346 1138 504 1210 Peditum
526 1145 742 1232 equitumque
762 1145 868 1236 oopiie
893 1146 1074 1216 Suetonius
1095 1145 1273 1224 Paulinus,

192 1243 323 1314 Marius
346 1242 487 1330 Celsus,
509 1249 644 1318 Annius
669 1247 791 1314 Gallus
813 1256 963 1317 raetores
985 1249 1157 1318 destinati.
1200 1245 1272 1316 Sed

191 1351 339 1438 plurime
366 1349 451 1418 fides
477 1350 610 1418 Lieiuio
637 1347 783 1417 Proeule
812 1354 975 1440 praetorii
1006 1353 1186 1442 preelecta.
1239 1350 1271 1416 is

191 1451 340 1518 urbanae
361 1453 501 1520 militina
522 1453 684 1543 impiger,
703 1454 867 1520 bellorum
891 1458 1054 1536 insoleus,
1082 1455 1270 1522 auetorita-

191 1563 260 1622 tem
282 1555 436 1639 Paulini,
458 1558 604 1644 vigorem
625 1556 733 1638 Celsi,
756 1559 983 1626 maturitatem
1008 1559 1112 1640 Galli,
1135 1565 1175 1624 ut
1197 1559 1269 1624 oui-

191 1683 257 1748 que
279 1669 371 1742 erat,
393 1659 620 1738 criminando,
646 1661 735 1751 quod
756 1662 952 1730 lauillimum
976 1663 1069 1730 lautu
1092 1669 1162 1743 est,
1187 1683 1267 1750 pra-

192 1786 255 1832 vus
278 1773 314 1832 et
333 1763 478 1832 callidus
500 1763 604 1832 honos
624 1773 659 1832 et
681 1763 852 1832 modestos
874 1766 1035 1836 anteibat.
1078 1767 1133 1840 88.
1156 1765 1267 1854 Sepo-

173 1870 280 1958 ‘situs
316 1891 377 1958 per
412 1889 470 1936 eos
504 1866 576 1934 dies
613 1863 791 1938 Cornelius
823 1867 1004 1934 Dolabella
1038 1870 1073 1934 iu
1102 1870 1267 1936 oolouiem

189 1973 415 2060 Aquinatem,
437 1992 544 2060 nequa
566 1965 813 2038 arte'eustudia
835 1993 942 2060 neque
963 1971 1117 2054 obseura,
1136 1974 1266 2058 nullum

190 2075 233 2142 ob
252 2077 396 2156 crimen,
418 2073 480 2142 ead
499 2083 631 2142 vetusto
653 2075 784 2145 uomiue
806 2085 842 2141 et
863 2076 1114 2165 propinquitate
1136 2075 1267 2144 Galbae

189 2189 409 2248 monstratus.
452 2178 579 2246 Multos
601 2200 620 2244 a
644 2179 918 2264 magistratibus,
939 2202 1091 2267 magnam
1108 2181 1265 2248 oonsula-

187 2285 275 2352 rium
299 2289 427 2372 partem
451 2282 560 2364 Otho,
590 2303 655 2348 uon
677 2281 862 2371 participes
889 2292 949 2350 aut
970 2285 1142 2352 ministros
1174 2285 1264 2352 hello

186 2388 248 2456 eed
274 2388 432 2454 uomitum
461 2385 572 2474 speeie
601 2408 714 2452 seeum
738 2385 895 2474 expedire
924 2388 1036 2469 iubet,
1068 2387 1102 2454 in
1128 2388 1264 2475 quiret

184 2491 329 2559 Luaium
362 2490 557 2570 Vitellium,
592 2489 708 2556 eodem
739 2510 806 2576 quo
835 2497 967 2557 eeteros
994 2491 1105 2576 uultu,
1136 2513 1196 2558 nee
1223 2498 1264 2558 ut

185 2596 401 2684 imperatorie
429 2595 570 2659 fratrem
597 2613 658 2658 neu
680 2599 720 2658 ut
747 2591 866 2658 hostis.
917 2593 1022 2679 igitur
1051 2603 1140 2661 mota
1167 2595 1263 2664 urbis

185 2722 285 2782 uura3
303 2699 418 2766 nullus
440 2695 523 2764 orde
546 2703 635 2762 metu
661 2702 721 2763 eut
741 2695 893 2785 periculo
909 2719 1046 2769 vaouue.
1089 2695 1261 2766 Primores

251 2874 284 2929 G.
300 2875 344 2928 87.
379 2875 461 2926 utres
477 2877 507 2926 et
522 2871 644 2936 Lipsius.
677 2869 752 2924 utris
768 2875 803 2924 att
818 2873 895 2929 MSS.

251 2975 442 3034 immutatos]
468 2972 514 3024 sio
530 2975 586 3026 bie.
611 2973 649 3022 At
665 2971 721 3024 ae.
737 2971 895 3030 tantuma,-
918 2971 976 3022 nn.
998 2969 1137 3026 imitatae.
1171 2973 1194 3026 1.
1212 2974 1260 3027 Fr.

218 3045 377 3098 Gronovius
395 3043 565 3110 comatae,
583 3043 763 3104 probantibus
781 3041 942 3093 editoribus.
976 3039 1068 3095 Duru.
1149 3065 1152 3070 ·

232 3181 416 3239 tumulatus]
437 3181 521 3240 ouem
538 3191 594 3230 uon
607 3181 700 3229 muta·
794 3178 869 3243 quod
889 3177 1059 3245 [nemimem
1079 3179 1116 3230 ed
1130 3177 1259 3230 unitim

184 3254 266 3303 verat
277 3251 347 3302 Otho
361 3249 417 3300 aliu
434 3249 546 3300 navium
560 3251 698 3317 curatore,
743 3247 935 3314 referendum,
953 3259 1008 3298 nun
1022 3251 1053 3297 ut
1066 3247 1191 3312 plerique
1203 3261 1256 3312 uu-

182 3323 312 3374 libertum
333 3317 505 3382 patarinum
527 3321 699 3382 meximeque
743 3319 804 3367 tent
817 3315 1052 3368 adortaninmade.
1265 3329 1284 3346 ·

182 3393 310 3444 idoneum
337 3391 416 3438 ratus
439 3388 475 3438 ed
495 3389 699 3442 observandam
791 3383 822 3438 0.
835 3383 878 3436 8&
897 3385 1010 3436 nomiae
1024 3385 1213 3452 monstratas,
1226 3388 1258 3436 ut

182 3457 486 3522 benesonantem,
511 3459 557 3522 qui
577 3457 698 3522 flagitio·
742 3453 935 3518 Vespasianus
951 3453 1025 3522 fatie
1046 3457 1114 3520 Agr.
1131 3455 1172 3505 ta.

182 3543 244 3580 sum
257 3529 373 3578 Othonis
393 3525 538 3589 imperium
557 3527 698 3578 detractu·
795 3525 872 3574 motu
885 3523 965 3572 urbis
980 3523 1066 3583 eura]
1081 3525 1103 3574 1.
1111 3535 1135 3572 e.
1147 3523 1257 3576 dmin-

182 3599 239 3650 turi
255 3601 358 3648 esseut.
393 3596 508 3646 Poterat
527 3608 595 3648 eene
609 3595 699 3648 omitti
741 3589 1098 3656 tereteederiiauptetudt
1111 3593 1214 3644 warde
1226 3591 1259 3643 tu

182 3669 352 3720 bamatatoa
376 3667 440 3727 poet
460 3667 617 3732 retinebat,
649 3666 699 3715 sed
741 3659 893 3724 Amanus
905 3673 1080 3728 uenummea,
1097 3674 1151 3714 nou
1165 3665 1196 3712 ut
1207 3661 1257 3712 eil.

182 3739 218 3789 ed
233 3749 344 3786 sensum
352 3736 548 3802 tautummodo,
566 3747 621 3786 nou
634 3733 698 3785 item
742 3731 889 3794 exhibent,
907 3731 1001 3782 motae
1012 3731 1093 3780 urbia
1107 3743 1213 3794 obrue,
1227 3743 1259 3782 ea

183 3807 219 3857 ed
239 3817 368 3857 numeros
389 3805 436 3854 vei
457 3805 564 3866 periodi
583 3805 698 3870 elegau-
741 3801 864 3851 worden
872 3799 1058 3864 Beaorqaieee
1071 3802 1182 3867 erreqt.
1200 3798 1259 3851 cn-

184 3875 267 3939 tiem3
297 3889 354 3925 neu
373 3872 461 3938 magia
481 3885 562 3936 quam
581 3873 698 3936 pertici-
742 3881 776 3920 ra
792 3871 884 3919 autem
904 3869 955 3918 iiia
969 3867 1082 3920 diverse
1102 3871 1181 3936 erat,
1207 3871 1257 3920 de-

182 3946 258 4008 pium
268 3943 303 4008 ii,
318 3943 362 3994 98.
379 3943 482 3994 Pium
496 3943 631 4009 serotine
643 3941 699 4008 tide
742 3937 918 3989 treoteutiunr
937 3937 1063 3988 militiam
1076 3941 1105 3988 et
1121 3939 1258 3991 affecten-

180 4015 341 4066 emtcoram
358 4013 413 4066 out
431 4015 544 4066 mmet
564 4015 632 4066 ueto
649 4024 699 4064 oe·
741 4009 819 4070 tium,
836 4007 1014 4060 metuentium
1027 4007 1101 4060 bella
1114 4021 1148 4063 eu
1161 4011 1259 4062 turbes

181 4085 293 4137 coitate.
741 4079 771 4129 et
786 4075 965 4142 enormium.
