2874 4802
257 304 323 374 13⁰
379 309 387 318 '
591 299 1000 374 flieronisnuu

208 481 321 543 aeaut
348 473 491 542 licenter
519 478 599 562 agit.
658 477 747 567 apud
774 475 950 545 Vitellium
980 474 1090 544 omnio
1115 473 1330 564 indisposita,

257 581 459 660 temulenta,
486 565 673 667 pervigiliis
701 603 740 647 oo
763 579 1020 650 bacchanalibus
1047 600 1147 666 quam
1175 577 1328 666 discipli·

257 705 320 752 noe
340 691 376 749 at
396 681 518 748 castris
537 671 707 770 pr‘opiora.
749 681 861 770 Igitur
883 682 1013 750 duobus
1035 680 1219 766 militibus,
1242 683 1328 748 alts-

257 809 296 854 ro
323 785 466 872 legionis
489 785 643 872 quintae,
683 787 791 854 altero
819 807 838 852 e
862 785 972 854 Gallis
990 785 1233 867 auxiliaribus,
1265 805 1327 874 per

256 891 429 958 lasciviam
457 885 499 952 ad
520 893 688 954 certamen
708 887 861 954 luctandi
882 889 1051 970 accensis,
1079 894 1258 977 postquam
1276 889 1327 954 le-

217 1071 222 1084 ·
255 995 425 1084 gionsrins
446 989 647 1081 prociderat,
667 991 850 1058 insultante
864 989 963 1060 Gallo
987 998 1023 1060 et
1044 991 1088 1058 iis
1104 991 1164 1078 qui
1185 989 1228 1056 ad
1248 1011 1325 1077 spe-

256 1097 411 1166 ctandum
435 1105 655 1162 convenerant
675 1095 708 1160 in
730 1091 843 1160 studia
866 1091 1033 1175 diductis,
1059 1114 1200 1184 erupere
1220 1095 1325 1181 legio·

256 1203 344 1270 narii
366 1201 400 1267 in
426 1196 606 1288 perniciem
630 1197 846 1277 auxiliorum,
876 1218 915 1262 ac
936 1195 1022 1264 duee
1043 1198 1197 1264 c'obortae
1221 1198 1325 1264 inter-

255 1307 376 1375 iectas.
416 1297 612 1368 Remedium
635 1301 800 1368 tumultus
821 1299 890 1366 luit
910 1299 997 1366 alius
1025 1301 1202 1376 turnultus.
1249 1301 1325 1389 pul-

254 1409 307 1477 vis
328 1404 448 1497 procul
469 1415 505 1468 et
524 1423 617 1470 arma
637 1403 903 1492 aspiciebantur:
925 1403 1165 1470 conclamatum
1186 1409 1323 1491 roperto

255 1517 408 1600 quartam
432 1503 602 1571 decumam
632 1505 796 1592 legionem
818 1525 915 1572 vareo
946 1505 1066 1572 itinera
1088 1505 1131 1573 ad
1160 1507 1324 1596 praelium

217 1639 218 1646 ¹
254 1613 378 1682 venire.
427 1607 486 1672 scd
507 1616 603 1674 erant
630 1608 772 1694 agminis
794 1618 981 1676 coactores:
1014 1610 1120 1696 agniti
1149 1609 1323 1700 dempsere

224 1725 228 1738 '
254 1711 526 1784 sollicitudinem.
580 1709 721 1778 interim
751 1710 906 1799 Verginii
935 1733 1053 1780 sersus
1086 1714 1174 1780 forte
1203 1715 1322 1784 obrius

253 1829 293 1888 ut
313 1835 493 1910 percussor
513 1811 646 1882 Vitellii
669 1815 893 1884 insimulatur.
942 1823 978 1882 ot
1006 1816 1124 1884 ruebat
1143 1815 1186 1883 ad
1211 1819 1323 1888 convi-

253 1925 343 1991 vium
364 1921 480 1999 miles,
502 1925 639 1985 mortam
662 1917 817 2004 Verginii
842 1939 1035 2007 exposcens.
1085 1916 1144 1988 Nc'
1160 1919 1323 1991 Vitellius

252 2025 406 2116 qnidam,
435 2043 623 2110 quanquam
644 2019 687 2087 ad
713 2043 827 2089 omnes
850 2021 1058 2108 suspiciones
1081 2022 1246 2113 ‘pavidum
1278 2025 1322 2094 da

252 2127 439 2196 innocentia
460 2126 532 2190 eius
554 2122 736 2208 dubitorit3
766 2141 865 2212 aegre
886 2135 997 2192 tamon
1018 2125 1156 2192 cobibiti
1173 2129 1233 2216 qui
1250 2130 1322 2196 exi·

251 2233 335 2300 tiurn
358 2228 544 2297 consularis
564 2237 599 2295 et
619 2227 784 2316 quondam
808 2228 903 2294 ducis
926 2227 980 2294 sui
998 2227 1202 2314 flagitabant.
1244 2229 1321 2300 Nec

251 2351 449 2421 quemquam
477 2332 612 2420 saepius
639 2353 738 2420 quam
765 2329 962 2416 Verginium
985 2333 1091 2397 omnis
1118 2331 1240 2400 seditio
1267 2336 1320 2402 in-

250 2439 400 2504 festavit.
442 2435 597 2500 manebat
618 2433 795 2502 admiratio
815 2435 880 2502 riri
903 2443 938 2500 st
959 2434 1066 2500 fama:
1096 2433 1157 2501 scd
1180 2435 1323 2507 oderant

187 2575 189 2582 v
251 2547 292 2607 ut
310 2535 467 2607 fastiditi.
509 2541 565 2606 69.
588 2533 730 2604 Postero
752 2535 807 2602 die
821 2536 1000 2619 Vitellius,
1021 2544 1158 2608 sanatus
1179 2541 1323 2628 legatio-

250 2664 292 2708 na
313 2662 411 2728 quani
440 2639 488 2705 ibi
510 2639 661 2728 opperiri
686 2641 835 2707 iusserat
862 2637 994 2726 audita,
1021 2649 1255 2726 transgressus
1282 2645 1321 2714 in

250 2752 361 2812 castra
390 2743 481 2808 ultro
504 2743 662 2832 pietatem
691 2743 834 2810 militum
855 2733 1074 2826 consolavit,
1099 2744 1322 2817 frementibus

250 2847 386 2916 auxiliis
409 2853 539 2912 tantum
566 2845 777 2936 impunitatis
804 2853 905 2936 atquo
934 2847 1143 2934 arrogantiae
1162 2849 1323 2935 legiona-

248 2949 312 3016 riis
335 2949 530 3019 accessisse.
581 2947 784 3016 Batavorum
807 2951 961 3018 cobortes
988 2973 1029 3018 nc
1049 2949 1130 3037 quid
1150 2956 1323 3022 truculen-

249 3053 318 3119 tius
344 3051 521 3132 audorsnt,
547 3051 582 3117 in
605 3051 814 3121 Germaniam
844 3051 1021 3134 remissae,
1047 3055 1245 3144 principium
1267 3059 1322 3124 in-

248 3163 344 3224 terno
365 3153 467 3220 simul
487 3163 688 3244 externoque
712 3155 800 3221 bello
822 3155 1016 3244 parantibus
1037 3143 1130 3226 fetis.
1170 3159 1322 3229 Reddita

247 3255 442 3326 civitatibus
464 3255 637 3326 Gallorum
659 3259 801 3338 auxilia,
836 3259 952 3344 ingens
974 3279 1131 3328 numerus
1152 3267 1189 3328 at
1209 3263 1322 3349 prima

247 3361 363 3429 statim
386 3357 570 3427 deiectione
595 3362 683 3428 istor
708 3361 821 3428 inania
849 3362 930 3428 balli
960 3371 1166 3452 assumptus.
1217 3361 1321 3434 Geta-

298 3568 334 3618 est
346 3563 495 3632 fortuiti]
517 3565 620 3626 Quibus
639 3565 761 3618 noluerit
804 3568 888 3618 rilem
903 3571 1036 3620 Betewm
1051 3573 1079 3622 et
1097 3573 1178 3624 simul
1199 3576 1318 3626 alluta·
1409 3543 1410 3629 i

175 3669 180 3678 ‚
246 3635 651 3699 imperare,ou1stoqusmvis
671 3636 759 3700 impe-
803 3639 849 3687 vie
865 3639 1096 3707 desciscentibus,
1113 3643 1195 3693 simul
1209 3655 1227 3694 e
1241 3645 1318 3696 tier-
1408 3643 1409 3650 ’

246 3705 299 3757 rlo.
316 3705 388 3756 Eun.
412 3703 477 3754 Vid.
489 3717 514 3756 o.
528 3705 572 3755 ⁵1.
802 3707 890 3757 manis
905 3709 993 3758 adbuc
1006 3709 1144 3762 indomitis
1156 3715 1318 3777 gerebatur.

296 3805 378 3858 css.
398 3803 536 3868 proaem
549 3803 683 3864 murum]
705 3805 758 3866 our
799 3845 828 3894 ‚t
842 3775 1053 3896 mum]
1067 3781 1174 3832 ΜΠ*
1186 3793 1318 3847 magum

244 3873 467 3927 ulmiocecsaris
480 3885 575 3925 amore
582 3878 755 3938 peccassent.
1022 3848 1127 3910 ΜΨ
1142 3850 1214 3902 '’⁸¹¹‘’
1226 3852 1318 3904 ΝΜΟ·

242 3943 346 3997 simin
361 3943 475 3995 orion·
487 3943 577 3996 oratio
591 3943 613 4008 r,
627 3943 672 3996 ea.
797 3914 1121 4054 ffi’j‘ssfflfflffi
1139 3917 1246 4053 ξ’,θῆῗξ
1263 3933 1318 4041 ἢ·

290 4041 409 4094 luteram
440 4044 526 4095 etmel
553 4047 752 4112 emensoque]
796 4048 920 4100 wama.
951 4051 1020 4104 Nau
1040 4055 1111 4106 cites
1133 4059 1162 4106 et
1185 4056 1315 4110 moeurs

239 4111 317 4172 Quod
336 4113 400 4174 post
413 4113 521 4165 exarsit
539 4115 688 4168 urersum
702 4115 752 4169 ct·
794 4117 1069 4193 commeaturus,
1084 4126 1157 4176 Ann.
1173 4125 1227 4193 xi,
1250 4125 1295 4179 18.
