2874 4802
356 275 563 362 sinsin.-
593 289 712 362 cnr.
734 295 888 362 ιιι-ιι.
1094 297 1159 367 ιιι

88 466 205 533 nensis
231 467 389 534 vintoniae
419 487 562 552 gnarus,
590 487 629 532 oo
656 487 699 533 ne
719 471 855 532 externa
877 467 984 532 moles
1003 467 1210 557 utrinqnsoo.

87 571 280 656 ingrueret,
310 573 340 637 si
366 569 482 636 Deoua
514 569 766 657 Germanusque
793 566 918 635 diversi
946 569 1160 662 irrupissent.

88 672 224 755 Atinio,
254 683 292 740 nt
320 695 421 762 saepe
445 675 549 754 alias,
574 674 710 738 fortuna
738 673 854 761 populi
878 671 1039 755 Romani,
1074 697 1159 763 quae

86 779 279 845 Meuianum
307 777 461 863 viresque
485 775 637 841 Orientis
664 775 746 841 llluo
774 775 872 854 tulit,
900 781 935 842 et
958 777 1047 864 quod
1077 777 1159 848 Cre.
1218 861 1219 865 Ἰ

90 901 207 946 monae
229 882 363 946 interim
387 879 620 964 transegimus.
664 877 825 944 Fonteius
839 877 995 969 Agrippa
1016 903 1055 948 ex
1069 883 1158 951 Asin

86 985 167 1072 (pro
190 983 326 1050 consulo
348 1002 430 1049 enne·
448 983 647 1070 provinciam
680 1001 789 1047 annuo
819 982 959 1070 imperio
988 989 1158 1074 tenuerat)

85 1087 234 1154 Moesiae
269 1087 484 1178 praepositus
512 1093 581 1166 eet,
617 1083 743 1150 a'dditis
778 1085 884 1172 copiis
920 1107 938 1151 e
968 1084 1155 1158 Vitelliano

85 1189 251 1272 exercitu,
280 1213 376 1278 qoem
397 1187 513 1279 spargi
541 1210 602 1276 per
623 1187 813 1276 provincias
840 1195 876 1254 et
899 1195 1035 1265 externo
1065 1193 1154 1262 bello

85 1293 214 1378 illigari
242 1315 321 1382 pars
349 1293 482 1360 consilii
510 1292 667 1379 penisque
699 1297 784 1359 arat.
838 1289 992 1359 wilton
1024 1305 1155 1365 oeterae

84 1397 237 1462 nationes
259 1397 416 1467 silebant.
464 1393 584 1463 Subita
612 1410 673 1482 per
695 1389 839 1459 Pontum
862 1413 954 1460 arma
974 1395 1153 1468 barbarum

84 1500 303 1590 manoipiom,
329 1499 442 1586 regiae
464 1494 629 1586 quandem
651 1495 772 1562 elassis
802 1497 1008 1582 praesentas,
1042 1526 1153 1574 move.

83 1609 151 1671 ret
199 1603 322 1669 isfuit
342 1602 510 1668 Anicetus
540 1599 729 1668 Polemonis
757 1597 924 1680 libertus,
950 1615 1151 1696 praepotens
1223 1677 1226 1683 ,

83 1705 187 1789 olim,
211 1712 247 1772 et
265 1713 440 1795 postquam
466 1725 602 1793 regnum
632 1703 667 1770 in
695 1703 835 1770 formam
867 1707 1057 1791 provinoioo
1078 1733 1152 1778 ver·

82 1815 188 1887 teret,
229 1811 422 1878 mutationis
458 1809 649 1898 impatiens.
713 1806 818 1892 igitur
853 1804 986 1878 Vitellii
1020 1815 1150 1882 nomine
1181 1893 1184 1898 ,

81 1912 200 1978 oeoitie
236 1913 390 1998 gentibus
419 1933 504 2000 quae
533 1911 885 1990 Pontumaonolunt,
921 1923 1080 2002 eorrupto
1114 1917 1150 1984 in

80 2035 175 2106 spem
205 2019 397 2104 rapinarum
420 2017 633 2102 egentissimo
656 2037 807 2103 quoque,
836 2013 925 2084 head
955 2017 1150 2086 temnendae

79 2139 198 2184 manue
220 2115 356 2202 duotor,
380 2118 630 2208 Trapezuntem
649 2126 781 2186 vetuste
802 2117 889 2182 lema
910 2117 1096 2206 civitatem,
1128 2146 1150 2192 e

80 2221 219 2288 Graeois
239 2222 274 2288 io
295 2232 442 2300 extreme
464 2219 624 2290 Pontinas
646 2241 724 2290 orae
743 2219 930 2300 conditam,
951 2219 1084 2292 subitus
1101 2227 1149 2294 ir-

78 2327 183 2412 rupit.
231 2323 339 2392 Caesa
365 2325 413 2392 ibi
435 2323 575 2400 robore,
605 2324 733 2409 regium
764 2324 922 2392 auxilium
944 2325 1041 2407 olim3
1072 2347 1149 2398 mox

79 2427 195 2494 donati
217 2428 352 2494 oivitete
376 2425 525 2496 Romano
549 2429 644 2512 signa
666 2447 825 2515 armoque
847 2430 882 2494 iu
903 2436 1054 2496 noetwm
1077 2453 1149 2500 mo-

79 2530 177 2610 dom,
222 2528 384 2596 desidiam
424 2531 660 2618 licentiamque
699 2529 903 2600 Greeoorum
948 2531 1146 2606 retinebunt.

146 2735 176 2788 G.
194 2734 239 2790 ⁴⁷.
274 2736 389 2788 retorta
413 2737 493 2803 fanen
518 2737 646 2800 Lipsius,
672 2739 702 2787 ut
726 2737 776 2802 iv,
800 2737 844 2790 8³.
881 2739 1024 2802 renotem
1047 2742 1146 2793 oriere
1271 2713 1277 2720 ⁹

113 2807 202 2871 tunm.
236 2807 275 2856 nt
290 2807 346 2856 ite.
362 2807 478 2858 vetusto
494 2818 603 2872 manee,
630 2805 701 2868 quod
718 2807 905 2872 dittogrepirie
925 2808 1083 2870 corruptum
1101 2811 1144 2858 ri-

109 2876 190 2925 detur
207 2887 242 2926 ex
258 2875 418 2940 retertur,
436 2877 528 2926 otest
549 2875 578 2926 in
593 2877 650 2926 iis.
669 2879 737 2940 Agr.

127 3011 265 3063 Fonteiae
284 3012 425 3083 iprinpn]
446 3011 474 3062 ie
491 3016 590 3078 poetes
633 3011 1143 3079 ottiooepooioontomemoratorum,

79 3093 96 3131 a
119 3082 251 3132 {armetis
279 3093 386 3132 coesus.
421 3081 529 3146 iosepir.
558 3085 588 3132 B.
633 3085 696 3144 post
725 3079 858 3132 Ponticae
891 3091 961 3132 orae
989 3081 1140 3134 conditam.

78 3151 135 3203 iud.
152 3151 201 3214 iv,
214 3151 242 3216 7,
260 3153 285 3200 3.
317 3151 400 3201 iinor.
632 3153 705 3214 lingo
718 3149 756 3201 iri
769 3149 957 3199 coiioeendam
969 3161 1033 3200 oeae
1042 3161 1141 3203 censeo

127 3217 158 3270 0.
170 3217 213 3272 ⁴7.
236 3216 405 3286 Polemonia]
419 3220 503 3286 Regia
515 3219 589 3271 Pon·
632 3224 703 3271 iano
715 3217 864 3280 periodum,
880 3219 1076 3280 perentieeeoe
1089 3233 1141 3272 no-

78 3287 134 3338 tioi.
165 3291 235 3339 Αιιιι.
251 3288 289 3354 ii,
306 3289 349 3340 56.
631 3291 719 3350 min03
749 3289 780 3338 ut
799 3287 928 3337 continuo
948 3300 979 3336 ee
1001 3290 1142 3352 excipiant

126 3353 280 3422 uertant]
313 3357 493 3408 intransitive
512 3356 591 3408 eooi·
631 3359 733 3408 verbo:
766 3356 855 3406 Caeso
880 3356 917 3404 tie·
942 3355 1061 3418 colora,
1092 3371 1141 3410 re-

77 3425 210 3488 plendum.
224 3427 298 3478 Soet.
307 3427 370 3477 Ner.
378 3425 419 3478 18.
432 3427 505 3476 Nero
513 3425 588 3476 Pon·
630 3427 709 3494 ptum
719 3425 860 3475 mutum
875 3425 941 3476 oiim
948 3439 959 3484 ‚·
973 3427 1060 3477 eiurat
1071 3441 1142 3488 quo-

79 3496 102 3544 te·
115 3495 331 3558 moderannum
349 3495 519 3548 concedente
532 3493 588 3546 Po·
631 3509 686 3561 que
696 3493 775 3560 [orei
785 3493 891 3544 interiit.
916 3495 974 3554 ooo
985 3505 1058 3547 anno
1070 3497 1141 3548 i'ra-

76 3567 199 3626 temone‚
222 3563 292 3613 tiene
311 3564 424 3624 Ateium
450 3565 587 3628 desumo
630 3563 887 3626 penootiteivitate
907 3563 1011 3613 tuerint
1035 3565 1140 3627 donati,

77 3630 170 3682 correo
183 3629 391 3694 improvinciae
404 3634 588 3697 formatore·
630 3645 685 3684 nou
710 3629 837 3694 invenl03
875 3631 947 3682 ireod
974 3633 1052 3683 dubie
1076 3639 1141 3685 ante

77 3699 162 3766 denit-
630 3702 738 3751 Arrioeti
757 3701 951 3762 irruptionem
984 3713 1070 3765 quaro
1092 3705 1142 3754 de·

127 3766 379 3818 mortimenti..
406 3766 587 3824 retinebant]
630 3770 728 3820 sidium
754 3781 848 3819 eorum
879 3769 989 3820 inooea't
1018 3771 1140 3836 iacitur,
1235 3815 1243 3824 .

77 3837 150 3886 lineo
177 3835 303 3897 periodos
330 3845 417 3899 neque
444 3837 588 3900 quinquen
631 3839 717 3904 quod,
740 3849 901 3902 quemquam
920 3839 996 3890 cives
1015 3839 1140 3906 Romani,

77 3899 143 3954 tacit
162 3905 197 3956 ed
224 3917 282 3954 rem
301 3907 329 3956 et
349 3905 471 3956 ordinem
494 3915 587 3956 rerum
630 3909 780 3960 Mmeunm
811 3909 951 3958 cohortem
981 3907 1060 3976 onesii
1093 3923 1141 3960 or-

78 3975 215 4037 geeterum
233 3974 386 4038 importune
405 3974 588 4038 interrumpit.
631 3978 742 4040 nemque
770 3989 848 4026 anam
879 3979 941 4037 capi
970 3978 1047 4039 pessi
1075 3981 1140 4030 sint.

74 4045 160 4104 aptos
183 4043 270 4094 eidem
294 4045 373 4094 iocus
397 4047 440 4094 eat
467 4045 531 4106 post
552 4055 586 4094 ee
629 4046 719 4097 Dono.
757 4045 954 4096 Difficultatrm
985 4045 1041 4096 iooi
1070 4061 1143 4099 nuno

75 4113 188 4174 quande
203 4113 503 4174 vetnetoi'repezontis
518 4125 584 4163 ooo·
630 4116 734 4164 demum
757 4115 899 4178 sagaciter
926 4113 1080 4178 intereram
1106 4119 1143 4168 ii-

838 4195 923 4260 13*
