2844 4798
219 202 339 298 rurum
634 173 705 302 Cd
716 225 754 300 P.
778 229 827 300 ll.

93 407 97 428 '
218 405 354 483 aluerat.
403 401 738 472 renouarentur
762 401 1032 490 magnificentiam
1056 399 1218 487 quandem
1242 407 1278 466 et

219 505 456 574 rublimitntam
492 507 653 574 orationis
688 507 821 596 proprie
856 508 1028 574 aenvaairo
1060 504 1276 570 historiarum

219 603 376 696 dignitati
403 607 561 676 eredidit.
605 607 649 674 Et
672 609 707 674 in
734 607 793 676 luo
814 607 945 695 quidem
968 605 1157 696 Thneydidi
1183 605 1277 670 eimi-

219 711 263 776 lla
294 711 373 796 luit,
402 711 461 798 qui
490 721 524 776 et
551 711 623 798 ipae
646 731 738 776 auam
760 711 940 778 orationem
972 711 1070 795 longo
1101 707 1276 772 intervallo

220 837 238 880 a
265 815 428 880 retenturi
455 815 658 900 reliquorum
686 813 884 900 auriplorum
921 811 1073 878 facundia
1103 829 1277 897 reperere-

219 923 289 996 rat,
320 937 382 982 non
406 915 597 981 infirmitate
618 914 739 1000 ingenii
766 921 822 978 aut
843 917 1030 980 litterarum
1059 913 1210 992 inaeitia,
1239 923 1277 976 ut

219 1015 518 1104 quidampntant,
561 1017 619 1084 aed
652 1017 774 1082 iudioio
803 1027 837 1084 et
875 1019 1063 1094 intelleotu,
1103 1035 1144 1080 ne
1178 1013 1274 1079 uimi-

219 1140 291 1186 rttttt
319 1118 478 1204 ἀγώνισμα
507 1124 539 1198 ἔς
565 1117 601 1187 td
629 1127 817 1206 παραχρῆμα
846 1119 1078 1208 cuppediireee
1107 1115 1276 1184 rideretur

218 1221 407 1294 oblectandi
431 1223 572 1312 eupidie.
623 1218 752 1288 Ceteris
776 1221 809 1284 in
837 1219 937 1288 rebue
961 1219 1138 1287 diversitas
1159 1219 1273 1282 horum

218 1325 418 1414 eoriptoram
440 1343 543 1412 prope
573 1321 677 1388 maior
698 1333 751 1388 eat
773 1345 869 1410 mam
894 1321 1076 1390 similitudo
1094 1321 1135 1404 ³).
1185 1317 1274 1386 Nam

219 1427 368 1496 Graaeue
387 1427 531 1512 aeriptor
553 1427 585 1490 in
608 1423 801 1515 dieaarendo
825 1435 859 1491 et
880 1427 914 1492 in
939 1423 1145 1493 orationibus
1174 1423 1274 1486 maxi·

220 1551 271 1598 ma
292 1529 449 1618 prepriua
470 1535 524 1594 eat
550 1537 585 1596 rt
612 1523 728 1592 urebar
750 1534 784 1592 et
806 1527 929 1608 audax,
959 1527 1017 1592 aed
1042 1525 1275 1614 philosophan-

218 1635 301 1700 tium
330 1631 520 1696 maturitati
557 1629 693 1717 propior
729 1649 825 1716 quam
861 1639 1032 1716 poetarum
1071 1628 1204 1703 denari,
1240 1628 1273 1692 in

220 1731 503 1809 narrandoluaua
531 1739 565 1795 et
594 1751 751 1818 perquam
776 1731 959 1814 diluoidue3
991 1731 1132 1798 Taoitue
1160 1737 1274 1796 eontra

218 1834 402 1902 narrationi
430 1831 541 1920 potiua
569 1831 706 1897 formam
736 1836 857 1920 ingenii
883 1837 937 1900 aui
967 1831 1130 1912 reddidit,
1162 1839 1273 1920 poeta·

219 1959 291 2004 rum
322 1935 464 2020 vigorem
500 1944 534 2000 et
567 1931 736 2000 aurariam
772 1935 984 2018 aemulando;
1020 1935 1106 2000 idem
1143 1935 1273 2020 quoties

218 2039 385 2108 orationes
419 2037 600 2115 intererat,
650 2041 875 2106 eommunibua
906 2039 1112 2124 eloquentiae
1143 2035 1272 2122 legibue

218 2143 443 2230 obtemperare
466 2139 551 2204 aatie
572 2135 698 2207 hahuit.
731 2125 884 2230 Denique
906 2141 1012 2229 ipsius
1036 2141 1122 2206 inter
1143 2148 1176 2206 at
1196 2161 1273 2225 poe-

218 2253 331 2312 tarum·
356 2261 538 2308 aermouem
568 2241 650 2306 nihil
681 2263 819 2328 proraua
849 2243 1005 2321 interest,
1032 2249 1067 2306 et
1095 2263 1195 2331 prave
1221 2243 1271 2307 in-

217 2345 344 2413 ereduli
372 2353 451 2412 eunt
480 2343 537 2430 qui
568 2345 670 2410 ullius
698 2343 848 2409 venabuli
876 2345 929 2410 vel
959 2351 1147 2409 structurae
1176 2365 1270 2408 neum

215 2449 338 2516 Taeito
366 2446 530 2528 invident,
565 2445 641 2512 dum
672 2449 780 2534 poetie
809 2447 945 2512 eundem
975 2444 1169 2516 condonant.
1217 2449 1271 2512 Aa

216 2573 293 2620 rnre
315 2549 463 2638 quidam,
484 2557 523 2614 ut
544 2549 578 2614 in
600 2567 642 2614 re
658 2555 726 2614 tam
749 2547 852 2615 ardua
874 2571 911 2612 ao
933 2547 1078 2626 lubriee‚
1100 2547 1176 2614 dum
1198 2549 1272 2614 bre·

217 2657 267 2720 via
299 2675 373 2721 eoae
402 2652 551 2742 laborat,
585 2652 746 2718 oberurue
773 2652 829 2730 lit3
865 2657 900 2714 et
929 2668 1001 2716 eum
1030 2649 1161 2716 videtur
1189 2649 1272 2731 lieri,

215 2757 426 2824 librariorum
455 2753 490 2818 id
520 2755 725 2840 frequentina
754 2754 835 2819 vitio
866 2751 986 2817 aooidit
1013 2773 1110 2838 qnam
1148 2753 1271 2838 ipsium

215 2861 347 2948 eaepiua
385 2862 493 2922 autern
532 2875 604 2919 oum
640 2854 776 2938 grandin
810 2855 1001 2942 profitetur,
1040 2873 1103 2917 nou
1138 2853 1270 2940 quidem

215 2969 348 3046 turgore
375 2957 435 3023 red
458 2957 590 3043 longius
612 2957 701 3024 iusto
733 2979 751 3021 a
782 2957 994 3044 simplicitate
1023 2953 1153 3022 dinendi
1181 2977 1270 3022 reee-

217 3061 294 3130 dere
317 3057 476 3128 ereditur.
867 3057 870 3066 '

316 3199 368 3262 16.
411 3197 466 3258 Ao
489 3193 628 3280 primurn
651 3191 782 3280 quidem
806 3197 936 3268 tereus,
965 3189 1107 3276 politur,
1139 3211 1272 3256 aerura·

215 3305 343 3364 lueret
365 3293 480 3360 Taciti
501 3315 621 3362 sermo.
671 3293 761 3360 Rara
789 3315 849 3380 pro
872 3297 1055 3356 ceterorum
1079 3291 1270 3358 idiomatum

213 3399 392 3468 crebritate
415 3396 667 3462 anaeolutlru
697 3393 1001 3482 deprehenduntur,
1029 3414 1167 3479 quorum
1190 3415 1271 3460 uena

215 3501 302 3591 apud
322 3501 468 3586 reliquos
488 3499 669 3584 scriptores
688 3519 770 3568 nanno
791 3504 916 3580 gratum
939 3495 1170 3580 negligentiam
1186 3519 1271 3563 nune
1354 3500 1359 3509 “

1221 3621 1272 3665 m-

247 3823 278 3883 5)
301 3825 419 3888 Egregie
436 3825 469 3873 ale
488 3829 601 3886 utroque
626 3825 759 3888 scriptore
778 3825 908 3876 diaaarutt
931 3823 1028 3874 Fried.
1047 3820 1123 3873 lletlt
1144 3819 1271 3884 Verglei·

278 3911 381 3959 enetnle
401 3911 617 3974 Betreolttungrn
636 3911 700 3961 iiber
721 3909 891 3972 Thucydiden
911 3911 964 3958 utrd
982 3907 1109 3971 Tacitus,
1139 3907 1272 3956 minolon

280 3991 356 4045 1812.
