2854 4798
213 247 260 314 40
553 239 957 317 Hisroalnnnnl

165 413 325 486 ⁶⁹·etriae
353 415 427 485 ciue
448 419 724 508 innocentiaeque
750 421 851 508 qnasi
880 420 979 489 malie
1008 416 1139 488 artibus
1161 417 1300 485 iriensi.

217 517 343 592 Caedis
365 529 401 588 et
430 519 633 612 praedarum
656 525 788 592 initium
811 531 847 590 et
875 524 1001 613 optimo
1029 521 1151 610 cuique
1182 523 1300 610 perni-

218 622 303 690 ciem
331 623 451 712 quaeri
475 625 673 715 apparebat.
723 627 792 696 Sed
815 627 944 694 Otbuni
973 623 1116 692 nondum
1149 625 1300 690 auctori-

218 735 273 795 tas
295 726 407 793 iuerat
430 726 474 794 ad
495 727 739 818 prohibendum
763 731 892 798 scelus:
921 729 1038 796 iubere
1060 727 1126 794 iam
1152 733 1300 817 poterat.

219 832 270 900 ita
292 831 507 900 simulatione
539 833 609 898 irae
632 831 752 900 vinciri
782 834 911 902 iussum
940 843 976 899 et
1004 831 1146 898 maiores
1173 853 1302 919 poenas

220 933 381 1002 daturum
413 934 585 1002 eilirnuaus
613 937 786 1022 praesenti
813 937 916 1003 exitio
944 934 1123 1004 subtraxit.
1165 939 1221 1003 46.
1249 934 1302 1002 Ο-

220 1037 310 1104 mnia
341 1037 462 1107 deinde
497 1037 639 1104 arbitrio
671 1039 815 1106 militum
843 1044 930 1104 acta.
980 1035 1149 1105 Praetorii
1170 1038 1299 1126 praele

220 1145 295 1210 ctae
316 1142 382 1210 sibi
404 1140 473 1230 ipsi
494 1143 628 1226 legere,
652 1137 800 1208 Plotium
818 1140 968 1208 Firmum
992 1161 1011 1205 e
1033 1141 1300 1228 manipularibus

219 1243 404 1332 mundam,
424 1253 496 1312 tum
519 1243 679 1330 vigilibus
701 1245 930 1331 praepositum
954 1249 990 1308 et
1011 1243 1169 1310 incolumi
1191 1245 1301 1310 adbuc

222 1345 333 1416 Galba
361 1356 476 1438 partes
508 1347 654 1416 Othonia
684 1355 848 1416 secutum.
902 1341 1116 1432 Adiungitur
1147 1347 1301 1414 Liciniae

220 1447 408 1536 Proculus,
435 1451 554 1520 intima
576 1447 809 1518 familiaritate
830 1445 996 1528 Otbonie,
1018 1458 1198 1540 suspectus
1212 1449 1301 1516 'cou-

223 1552 302 1622 silia
324 1555 397 1624 eius
427 1554 565 1624 loricae.
614 1551 704 1620 Urbi
726 1552 879 1620 Flavium
904 1549 1065 1618 Sabinum
1096 1555 1301 1643 praelocare,

221 1655 382 1725 iudicium
405 1657 552 1728 Neronis
576 1659 701 1739 secuti,
728 1657 881 1744 subque
911 1654 1048 1724 eandem
1072 1679 1184 1724 curam
1213 1657 1302 1723 obti-

223 1769 360 1845 uuerat,
380 1763 552 1850 plerisque
571 1759 819 1851 Vespasianum
840 1760 979 1826 fratrem
1001 1760 1035 1827 iu
1057 1781 1096 1828 eo
1119 1761 1301 1849 respicien-

223 1861 330 1933 tibus.
381 1862 587 1952 Flagitatum
616 1871 656 1930 ιι
685 1865 876 1930 vacationes
905 1866 1075 1952 praestari
1098 1866 1303 1932 centurioui-

224 1964 288 2032 bue
310 1965 432 2034 solitae
461 1969 726 2036 remitterentur.
776 1986 919 2053 namque
942 1969 1117 2056 gregarius
1141 1969 1238 2035 miles
1262 1977 1303 2036 ut

224 2069 389 2138 tributura
406 2091 549 2137 aunuum
571 2069 748 2159 pendebat.
783 2077 905 2158 quarte
926 2091 1006 2160 pers
1028 2073 1191 2162 manipuli
1204 2093 1302 2163 epar-

225 2195 263 2241 ea
286 2197 347 2264 per
368 2183 572 2242 commeatus
595 2181 654 2240 aut
675 2173 710 2240 ic
732 2173 818 2262 ipsis
843 2175 967 2240 caetris
989 2197 1092 2261 vega,
1105 2174 1193 2262 ¹dum
1215 2197 1302 2243 mer-

224 2275 338 2344 cedem
361 2278 549 2344 centurioni
572 2277 776 2356 exsolvereta
799 2297 907 2364 neque
926 2275 1059 2344 modum
1074 2280 1186 2346 oneris
1209 2280 1303 2366 quie·

225 2402 324 2468 qaam
345 2400 451 2469 neque
470 2402 573 2468 genus
596 2387 758 2468 quaestus
782 2379 878 2467 penei
900 2381 1056 2452 babebat.
1108 2403 1169 2470 per
1191 2385 1303 2450 latro-

224 2484 314 2550 cinia
335 2492 370 2550 et
387 2491 506 2572 raptus
528 2492 587 2550 aut
606 2483 786 2550 servilibus
808 2481 1005 2550 ministeriis
1027 2484 1173 2552 militare
1196 2489 1302 2555 otium

224 2584 445 2656 redimebant.
486 2597 558 2653 tum
586 2585 875 2674 locupletieeimus
896 2589 1038 2676 quisque
1062 2590 1160 2656 miles
1187 2592 1304 2659 labore

293 2763 325 2816 C·
340 2759 386 2816 te.
421 2766 483 2816 tum
499 2762 758 2828 locupletissimae]
784 2765 860 2816 Loco
878 2766 980 2816 motum
997 2764 1109 2816 videtur
1132 2768 1194 2819 toan
1209 2771 1239 2820 ct
1255 2781 1302 2820 ee-

258 2833 469 2956 pppppmpotiue
493 2833 681 2886 enunciaticni
703 2833 872 2884 audendum:
904 2835 975 2886 Tam
997 2835 1046 2886 aaa
1069 2838 1225 2901 ramptano
1248 2851 1303 2892 eu·

227 3037 322 3088 ecdem
334 3039 400 3089 actu
413 3039 557 3090 deterrere
570 3039 632 3088 vult
645 3051 742 3104 qnenr-
785 3037 885 3108 etiem,
907 3043 938 3090 nt
953 3041 1130 3093 excruciatus
1143 3046 1301 3096 necaretur.

227 3107 295 3157 libet
313 3109 395 3158 ataii
413 3109 554 3170 exemplo,
579 3121 633 3171 quo
647 3109 743 3172 ipsius
785 3110 877 3161 Aliter
897 3111 1021 3174 Madvig.
1041 3112 1071 3162 in
1089 3113 1148 3164 Cic.
1167 3113 1247 3164 Finu.
1275 3129 1303 3177 p.

227 3175 373 3236 imperium
386 3177 521 3226 maratica
537 3177 576 3225 rit
597 3179 627 3228 in
645 3181 744 3242 poete·
785 3177 846 3232 817.
864 3181 1091 3246 „Expectanatur
1104 3185 1153 3236 aut
1165 3183 1263 3232 iubens
1274 3187 1305 3235 ct

230 3257 298 3296 rum
310 3243 492 3306 persuasione
511 3245 662 3311 neminum,
680 3247 744 3298 nul·
786 3247 1023 3316 efficeremur&
1035 3249 1304 3320 iaaaomumrmuae

230 3315 286 3364 lem
308 3313 392 3364 ulline
411 3314 546 3374 principis
567 3317 678 3367 eaedem
698 3317 744 3367 lu·
786 3319 952 3387 sootroait,
971 3319 1031 3370 sine
1046 3316 1106 3373 et.“

230 3382 589 3503 Ultaillddlmllrliolcllldane
602 3451 679 3513 irae]
703 3454 746 3504 Ad
840 3417 871 3470 0·
885 3415 929 3470 46.
947 3419 1129 3483 vacationes]
1147 3421 1304 3472 Pretiara-

231 3524 408 3584 praeceptum
422 3521 561 3582 senecae,
587 3521 621 3574 ir.
635 3522 685 3589 lu,
701 3525 744 3572 39.
789 3490 944 3564 cationum,
963 3493 994 3540 Π*
1006 3504 1031 3541 ⁰·
1043 3491 1087 3543 58·
1107 3492 1239 3542 Vitellius
1251 3505 1305 3542 va-

231 3589 747 3724 ?gpegempjspp‘pp
789 3561 1216 3694 titteantr‘tirae.
1235 3557 1304 3679 ii?

231 3729 313 3779 ‘mr
327 3729 355 3779 et
374 3727 483 3778 doloris
497 3737 591 3777 comes
607 3730 672 3793 pm
693 3743 746 3779 au·
790 3708 859 3745 nero
874 3699 1029 3748 castrensia
1048 3700 1091 3749 hie
1112 3699 1209 3762 pretiis
1227 3699 1304 3748 redi-

232 3797 381 3848 acoraeaea
408 3795 438 3845 aa
469 3796 594 3846 emaum
628 3797 747 3854 iaceam
790 3768 900 3814 ΜΝ
919 3768 1043 3833 gregare
1056 3779 1074 3818 ⁸
1087 3767 1304 3833 cenomanicus,

233 3878 331 3916 enoroa
350 3867 463 3929 nectet,
481 3868 510 3916 et
523 3865 590 3915 aare.
610 3867 747 3917 acriorem
791 3837 821 3883 ”t
849 3837 957 3904 lamna
987 3839 1139 3904 llss¹¹⁰f¹¹¹¹¹a
1170 3839 1306 3889 materiae

234 3935 746 4003 quoeritpoenemfflraeeeotemdis·
791 3906 932 3968 agilam·

233 4005 321 4071 feret.
355 4003 488 4052 seniliter
503 4002 574 4052 ilict.
591 4005 700 4066 111,10.
841 4007 909 4058 dora
927 4003 1106 4065 mercedem]
1125 4007 1158 4058 Η.
1180 4020 1205 4058 e.
1227 4007 1306 4058 uum-

283 4075 314 4126 et
337 4072 482 4134 maiores]
523 4072 544 4122 1.
572 4085 596 4123 e.
626 4073 747 4124 maiores
791 4075 879 4128 mede.
