2874 4802
232 261 298 328 rso
453 277 456 284 ¹
584 229 996 332 ulsr'ormrors

95 481 98 488 .
184 432 352 501 casianus
372 431 498 501 beilum
522 455 680 525 armaque
703 444 739 505 et
764 437 885 526 procul
909 435 965 502 vel
994 433 1088 500 iuxta
1109 430 1195 498 sites
1216 430 1308 497 vires

235 535 547 626 circumspectabat.
591 542 688 608 miles
710 543 778 628 ipsi
799 539 881 607 adeo
902 541 1062 628 paratus,
1083 543 1123 603 ut
1145 557 1309 626 praeeun-

235 647 303 710 tem
330 651 574 712 sacromentum
602 652 638 711 ot
664 645 777 712 fausta
804 641 948 710 Vitellio
978 643 1089 710 omina
1115 647 1308 727 precantem

236 764 298 833 per
326 744 496 812 silentium
526 745 705 817 audierint.
758 745 907 814 Muciani
937 747 1068 812 animus
1097 759 1156 808 uec
1176 741 1311 831 Vespa-

234 847 331 914 siano
359 849 555 930 alisouset
585 851 621 917 in
650 850 769 918 Titum
803 846 954 938 pronior.
1013 845 1212 916 Praefectus
1239 846 1311 912 Ae-

237 951 336 1038 gypsi
363 949 559 1019 Alexander
593 953 732 1022 consilia
768 954 965 1019 sociaverat.
1019 946 1174 1016 Tertiam
1204 950 1311 1036 legio-

241 1073 337 1138 nem,
365 1051 456 1141 quod
487 1053 528 1120 de
551 1053 650 1142 Syria
670 1058 705 1122 in
728 1055 888 1122 Moesiam
911 1053 1111 1134 transisset,
1132 1073 1227 1119 suam
1250 1073 1312 1118 nu-

242 1153 407 1224 merabat.
443 1153 585 1225 Geterae
607 1153 738 1249 lllyrici
762 1159 911 1244 legiones
934 1156 1109 1221 secuturae
1132 1155 1312 1244 speraban-

230 1257 313 1324 'turi
346 1280 489 1348 namque
520 1283 634 1328 omnes
663 1261 829 1328 exercitus
860 1259 1089 1327 flammaverat
1119 1260 1312 1346 arrogantia

214 1359 441 1428 ,venientium
476 1361 665 1431 aViteltio
700 1363 861 1446 militum,
902 1359 993 1450 quoti
1021 1366 1134 1427 moces
1160 1383 1312 1452 corpore,

239 1463 370 1531 horridi
392 1485 543 1538 sermone
566 1473 696 1532 ceteros
718 1471 757 1531 ut
778 1466 925 1556 impares
946 1461 1152 1548 irridebant·
1187 1463 1256 1532 seo
1278 1466 1313 1532 in

239 1573 336 1634 tanta
367 1571 454 1636 molo
482 1565 564 1633 belii
587 1569 783 1656 plerumque
811 1567 997 1648 cunctatim
1027 1573 1062 1631 et
1083 1565 1312 1656 Vespasianus

241 1667 340 1738 modo
369 1672 405 1738 in
432 1691 525 1759 spem
555 1679 708 1754 erectus,
740 1669 919 1758 aliqnando
955 1667 1095 1736 adversa
1123 1673 1313 1760 reputabat.

243 1771 331 1860 Quis
364 1773 423 1840 ille
453 1773 526 1840 dios
556 1773 665 1856 foret,
701 1795 767 1862 quo
796 1773 969 1858 sexaginta
997 1773 1119 1839 aetatis
1148 1797 1250 1844 annos
1277 1783 1315 1844 et

111 1929 113 1935 .
243 1873 329 1942 duos
348 1876 439 1942 tilios
466 1874 602 1956 iuvenes
624 1877 713 1944 bello
735 1871 970 1965 permitteret?
998 1899 1073 1944 esse
1095 1878 1236 1968 privatis
1257 1902 1314 1947 co-

243 1976 466 2066 gitationibus
489 2000 722 2065 progressum,
743 1987 779 2045 et
799 1989 900 2068 prout
920 1979 1041 2063 velint,
1064 1983 1141 2069 plns
1164 1983 1315 2052 minusve

243 2080 332 2147 sumi
359 2101 398 2146 ex
423 2079 576 2147 fortuna:
615 2083 791 2171 imperium
818 2081 1031 2170 cupientibus
1058 2084 1142 2150 nihil
1170 2085 1314 2154 medium

242 2183 333 2276 inter
355 2207 485 2252 summa
509 2191 568 2250 aut
585 2187 795 2277 praecipitio.
827 2187 883 2258 ⁷6.
905 2183 1120 2254 Versabatur
1139 2198 1216 2256 ante
1236 2213 1314 2258 ocu-

241 2287 296 2354 los
326 2287 515 2356 Germanici
541 2289 707 2356 exercitus
743 2291 863 2374 robur,
903 2295 1018 2354 notum
1051 2291 1122 2357 viro
1156 2293 1314 2362 militari:

243 2413 324 2461 suas
346 2393 495 2480 legiones
518 2393 610 2460 civiti
631 2393 721 2460 hello
750 2395 961 2482 inexpertas,
988 2389 1125 2460 Vitellii
1149 2397 1315 2481 victrices,

243 2503 280 2562 et
301 2493 391 2584 aput!
413 2495 520 2564 victos
542 2499 620 2583 plus
641 2497 923 2584 querimoniarum
948 2515 1047 2583 quam
1073 2495 1205 2567 virium.
1253 2502 1316 2568 flu.

242 2620 317 2686 xpm
341 2619 403 2689 per
423 2597 609 2666 discordias
629 2601 772 2666 miiitum
795 2599 907 2680 fidem,
927 2606 963 2664 et
983 2601 1168 2688 periculum
1185 2621 1225 2669 ex
1245 2605 1315 2672 ein·

244 2704 351 2790 gulis:
375 2701 457 2791 quid
479 2701 565 2768 enim
590 2703 785 2790 profuturas
814 2701 969 2769 cohortes
991 2705 1147 2790 alasque,
1174 2707 1206 2774 si
1229 2729 1316 2777 unus

130 2831 133 2842 ·
244 2809 396 2896 alterque
431 2805 600 2894 praesenti
637 2805 779 2872 facinori
805 2813 960 2896 paratum
991 2829 1030 2874 ex
1059 2807 1191 2875 diverso
1218 2832 1316 2899 prae-

310 2977 404 3036 (1.75.
439 2981 570 3049 facinori
584 2993 620 3032 ex
636 2981 690 3030 Me.
714 2981 839 3048 restitui,
862 2984 935 3046 qnod
952 2983 1052 3045 pendet
1068 2997 1103 3034 ex
1123 2987 1269 3054 paratum,
1287 2992 1314 3041 Ιι,

277 3065 303 3102 e.
327 3053 497 3116 promptum,
521 3053 551 3098 ut
576 3051 687 3099 Terent.
711 3051 810 3100 Henut.
835 3047 995 3116 11,3,111.
1022 3053 1082 3104 Titi
1099 3061 1186 3108 erunt
1206 3062 1317 3122 parata

277 3123 383 3186 certo,
408 3119 476 3170 itote
498 3117 604 3169 Ιιοιιιιιιὶ
620 3119 752 3170 cartoro.
793 3122 830 3169 At
852 3121 912 3170 eto.
932 3134 967 3170 ex
984 3123 1014 3171 s.
1043 3124 1184 3190 facinore.
1226 3128 1315 3180 Porro

276 3197 421 3254 praesens
436 3187 545 3240 tacinos
569 3189 648 3240 notos
665 3187 828 3240 sicariorum
845 3189 961 3256 dicitur,
993 3192 1040 3256 qut
1057 3194 1152 3242 statim
1168 3200 1316 3260 perpetra-

295 3323 327 3380 (i.
334 3321 379 3376 74.
413 3323 513 3392 fausto
529 3360 553 3375 ..
566 3320 672 3389 omino]
687 3323 757 3374 Pre-
850 3327 933 3378 morlo
948 3361 956 3377 .
974 3361 981 3378 .
997 3328 1165 3398 aliqnando]
1187 3333 1241 3385 Pro
1253 3347 1316 3387 aro·

245 3395 325 3446 catur
342 3393 550 3458 Vespasianus,
574 3397 604 3443 ot
624 3392 757 3444 Vitellius
800 3393 836 3445 eto
851 3429 857 3443 .
873 3431 880 3444 .
895 3397 994 3461 acono,
1020 3403 1052 3450 ut
1071 3411 1096 3450 c.
1108 3399 1150 3450 51.
1170 3405 1253 3454 meac
1272 3439 1280 3456 .
1305 3441 1312 3454 ,

243 3463 346 3513 tenetis
362 3463 495 3514 ominibus
508 3463 652 3524 imperium
672 3464 756 3512 ineat.
800 3475 884 3514 nunc.

244 3533 334 3582 Boou.
382 3531 429 3581 stc
456 3533 510 3581 Mu.
556 3531 650 3582 Ceteri
680 3533 758 3581 MSS.

245 3601 357 3662 omnin,
375 3600 447 3668 qnod
467 3602 593 3662 praefert
607 3601 742 3650 Rittcrus.
849 3598 1055 3670 procrescunt]
1085 3605 1179 3667 floppl.
1206 3608 1236 3658 et
1264 3620 1316 3660 re-

296 3669 476 3730 Ateuonder]
496 3669 548 3719 ltte
567 3669 613 3731 qut
630 3665 759 3721 Tutorine
800 3678 938 3733 pressum.
954 3672 1097 3735 Frequens
1111 3677 1179 3726 haec
1193 3678 1317 3740 brachy-

244 3739 455 3802 Ateconderl,
477 3738 519 3787 11.
553 3737 654 3798 11‚7s.
685 3739 757 3788 Anu.
801 3739 886 3802 logis,
904 3741 935 3788 ut
948 3741 1092 3792 omittetur
1106 3745 1269 3809 oppositum,
1284 3749 1318 3796 ut

245 3808 311 3874 XV,
326 3809 370 3862 28.
394 3807 565 3858 Praenomerr
578 3807 682 3858 eddidit
695 3810 758 3856 11111-
800 3807 879 3857 lium.
901 3808 950 3858 od.
972 3809 1010 3876 X,
1031 3809 1074 3861 35.
1105 3815 1182 3863 wast
1201 3808 1225 3864 δ’
1243 3809 1319 3878 δμῶε

243 3879 332 3928 retus.
350 3877 404 3926 Sed
417 3875 544 3926 fiduciam
557 3877 586 3925 tn
599 3875 759 3937 totibospo-
801 3871 920 3942 πλέομεν
943 3879 1006 3932 seit.
1031 3875 1078 3930 eei
1100 3871 1203 3946 ἤματι,
1233 3885 1265 3932 ut
1284 3896 1316 3932 v.

242 3945 285 3996 ntt
297 3947 408 3997 'l'aottos
427 3945 601 3996 tumamoris
616 3955 650 3994 ec
665 3945 758 3996 sciona
800 3941 863 3996 476.
894 3945 956 3997 viri
978 3947 1007 3996 in
1027 3961 1052 3998 c.
1068 3947 1111 3998 67.
1133 3951 1206 4002 Anu.
1224 3952 1252 4018 1,
1270 3951 1317 4003 55,

243 4015 284 4064 tta
295 4015 462 4079 legentium
480 4015 537 4067 vid.
551 4014 602 4082 111,
618 4015 659 4064 12.
681 4017 709 4065 et
730 4015 758 4066 tn
801 4011 886 4062 Plora
895 4017 999 4066 contult
1012 4015 1040 4068 io
1048 4015 1238 4073 commeatts
1251 4023 1318 4072 ora·

241 4087 313 4136 Auo.
328 4083 394 4150 XV,
405 4083 448 4135 71.
802 4083 912 4146 cnylog.
927 4099 955 4148 p.
970 4083 1011 4135 15.
1035 4085 1125 4138 Doro.
