2854 4798
208 275 254 348 eo
444 229 446 234 ’
567 274 977 348 uisuoursuun

524 626 673 690 LIBER
703 625 974 694 SECUNDUS.

599 781 900 834 unlevlnltlure.

312 875 390 926 uitus
413 875 607 941 Vespasianus
632 883 747 934 nomem
770 880 874 932 missus
905 881 940 930 ab
962 879 1157 945 gratulandum
1181 879 1290 931 Galbae

209 959 294 1010 caede
317 961 378 1012 eius
400 964 495 1014 auellta
510 965 642 1016 substitit.
685 966 818 1030 Papbiem
839 968 978 1017 Venerem
1004 967 1063 1016 adit
1086 967 1114 1016 et
1131 965 1289 1016 defuturis

208 1057 271 1094 eam
294 1048 423 1101 consulit.
464 1050 542 1100 laeta
564 1051 657 1102 emnia
681 1055 709 1102 st
725 1063 827 1118 magne
851 1051 962 1114 accipit.
1004 1053 1048 1104 Δᾱ
1071 1055 1180 1113 patrem
1203 1051 1288 1116 redit,

208 1131 255 1192 qul
272 1133 340 1181 belli
356 1134 475 1186 consilia
491 1136 597 1204 agitat,
622 1139 672 1187 secl
697 1139 799 1188 bellum
822 1137 912 1200 lpsum
936 1137 965 1188 in
988 1137 1163 1187 occasionem
1184 1136 1289 1186 differt.

207 1217 310 1266 Falsus
333 1219 407 1270 Nero
432 1221 571 1286 detegitur
598 1225 627 1273 et
651 1223 768 1284 capltur.
811 1221 928 1274 otbonis
953 1223 1050 1284 coplse
1074 1225 1103 1272 et
1127 1221 1227 1284 ‹luces3
1258 1221 1288 1269 et

207 1301 309 1354 classis
334 1305 395 1354 elus
418 1305 447 1355 ln
465 1307 586 1357 Gellium
602 1307 809 1358 Narbonensem
833 1307 961 1370 irruptio.
1003 1307 1037 1358 lu
1053 1305 1171 1359 corsica
1194 1305 1288 1355 motus

206 1389 309 1452 uliquis
333 1392 490 1443 temeritate
513 1393 715 1456 procuratoris.
754 1393 877 1446 caecius
900 1393 1011 1444 ltaliam
1035 1391 1140 1455 intrat,
1167 1389 1289 1439 Placen-

206 1475 274 1526 tiam
292 1479 441 1544 oppugnat,
459 1480 510 1528 sed
527 1493 587 1529 cum
604 1478 721 1530 infamia
737 1482 766 1530 et
782 1482 879 1545 strage
896 1479 1036 1542 repulsus.
1065 1475 1185 1528 Insidias
1201 1473 1286 1536 paul-

205 1560 235 1612 lo
253 1563 315 1623 post
336 1563 500 1615 Othonianis
518 1566 609 1630 locut,
633 1567 683 1616 sed
700 1577 750 1616 eae
769 1579 877 1630 quoque
899 1566 930 1616 in
953 1565 1044 1626 ipsum
1061 1565 1183 1614 vertere.
1222 1561 1286 1610 Va·

205 1648 268 1698 lens
285 1647 409 1699 licinum
426 1651 512 1700 venit.
556 1651 660 1701 'editio
687 1650 726 1700 ibi
749 1649 779 1700 ln
804 1665 865 1701 eum
889 1651 1014 1700 militum.
1053 1661 1109 1713 qua
1133 1645 1286 1709 composite

206 1733 344 1784 caecinae
360 1735 457 1797 rapido
476 1734 584 1801 agmine
603 1735 733 1800 iungitur.
768 1735 839 1788 otio
859 1747 892 1788 eb
910 1735 1007 1787 nuntio
1023 1736 1139 1799 eccepto
1156 1735 1190 1784 ele
1206 1745 1283 1782 snm·

205 1831 251 1870 ma
268 1820 333 1870 belli
350 1821 502 1888 deliberat,
528 1821 602 1871 trabi
620 1822 649 1871 isi
665 1821 764 1871 mellus
781 1831 817 1871 an
840 1823 981 1874 fortunam
1007 1817 1130 1884 experiri
1153 1821 1283 1884 praesta-

205 1906 259 1955 ret.
293 1905 465 1956 Postremum
482 1907 685 1970 pessimumque
702 1906 848 1958 consilium
865 1910 999 1970 praefert.
1035 1909 1080 1959 lta
1096 1907 1168 1958 baud
1185 1906 1284 1969 procul

204 1989 339 2041 Bedriaco
356 1994 516 2055 pugnatum.
549 1993 626 2044 victi
644 1993 810 2057 Othoniani⁰
828 2006 885 2044 non
906 1995 999 2044 tamen
1014 1993 1108 2044 tracti.
1142 1993 1197 2043 Sei
1210 1991 1283 2044 obbo

204 2087 325 2128 aversus
343 2087 362 2125 a
378 2078 503 2128 consiliis
529 2079 595 2128 belll
619 2081 736 2128 mortem
757 2079 858 2146 elegit,
883 2089 964 2142 quam
981 2078 1094 2130 fortiter
1110 2078 1282 2142 exsequitur.

204 2161 273 2212 Post
289 2163 404 2212 mortem
422 2163 482 2212 eius
499 2163 598 2214 seditio
615 2164 733 2213 militum
750 2166 778 2212 et
795 2164 913 2226 impetus
929 2162 960 2213 in
976 2162 1149 2226 Verginium.
1190 2165 1281 2214 Sena-

204 2249 295 2298 torum
320 2247 404 2296 etlam
426 2247 579 2308 periculum
601 2249 675 2298 lelso
700 2249 817 2312 quodam
839 2249 946 2301 nuntio·
992 2249 1109 2300 Albinus
1132 2249 1162 2300 ln
1185 2250 1283 2300 Africa

204 2333 313 2400 victus,
330 2335 359 2382 et
376 2343 426 2383 eae
444 2333 608 2397 provinciae
627 2333 744 2384 vitellio
762 2333 918 2387 adiunctae.
953 2335 1023 2394 Quid
1041 2335 1069 2385 ln
1088 2337 1171 2386 ltulla
1188 2337 1282 2388 Vitel-

203 2419 260 2470 lius
283 2417 389 2484 egerit‚
423 2420 452 2468 et
481 2419 606 2483 legiones
629 2422 812 2483 cohortesque
837 2421 928 2472 victas
953 2422 1086 2484 quomodo
1109 2421 1282 2487 distraxerit,

203 2515 260 2556 non
276 2505 338 2555 sine
353 2503 414 2556 acrl
431 2505 548 2554 tumultu
565 2505 637 2566 apud
655 2505 787 2556 licinum.
831 2509 869 2556 At
887 2505 917 2556 in
934 2507 1021 2570 Syria
1039 2507 1230 2570 Vespasianus
1253 2511 1282 2559 et

203 2592 347 2643 Mucianus
365 2589 440 2640 serio
459 2589 513 2639 iam
531 2589 648 2639 debello
662 2589 827 2640 deliberant.
846 2592 926 2642 lenius
938 2593 1051 2658 egregia
1067 2594 1103 2644 ed
1119 2593 1199 2644 illum
1214 2605 1282 2644 ora-

202 2678 253 2730 tio.
302 2687 356 2740 qua
378 2677 518 2740 permotus
541 2673 733 2735 Vespasianus
757 2673 900 2736 imperium
923 2677 1050 2739 suscipit.
1093 2678 1232 2744 Legiones
1251 2680 1281 2730 in

201 2777 302 2815 nomen
333 2761 394 2813 elus
423 2759 527 2811 iurant.
574 2759 741 2822 praeterque
766 2759 925 2810 orientales
948 2761 1065 2813 Moesici
1094 2763 1122 2812 et
1145 2763 1282 2814 Pannonii

202 2850 287 2899 etium
304 2849 450 2898 transeunt
468 2845 497 2897 ln
515 2847 619 2908 partes.
645 2843 778 2894 Vitellius
795 2844 905 2897 interes
920 2857 1020 2911 magno
1035 2847 1063 2897 ei
1076 2847 1177 2897 minaci
1191 2848 1280 2913 agmi-

201 2947 236 2985 ne
254 2937 348 2985 urbem
366 2933 460 2983 intret.
495 2929 642 2994 popularia
658 2931 745 2980 multu
762 2933 888 2994 usurpat.
928 2933 1048 2985 consilia
1066 2932 1131 2983 item
1148 2933 1209 2985 eius
1227 2945 1280 2999 pa-

202 3023 338 3086 ratusque
356 3020 389 3069 (le
407 3019 489 3070 bello.

305 3105 394 3157 Gesta
410 3105 506 3156 eodem
523 3114 612 3170 anno,
631 3100 789 3152 oonsulibus
807 3099 899 3150 temen
916 3101 981 3152 alils
997 3102 1130 3155 suffectis.

594 3233 889 3250 Ἥ

149 3431 193 3480 ⁶9,
245 3405 278 3472 l.
305 3347 489 3466 Struebat
517 3400 583 3465 ium
608 3399 743 3466 fortuna
771 3397 807 3464 in
830 3394 962 3464 diverse
986 3405 1082 3487 perte
1110 3401 1277 3463 terrerum

200 3507 299 3573 initia
319 3523 506 3592 causasque
528 3501 690 3592 imperio,
726 3499 817 3590 quod
840 3503 932 3568 veria
956 3509 1049 3569 sorte
1076 3502 1202 3580 luctum
1229 3503 1280 3567 rei

1217 3627 1280 3694 uu·

268 3762 299 3816 c.
318 3763 359 3814 1.·
378 3759 465 3814 caria
481 3763 563 3814 sorte
579 3760 693 3823 Lipsius
711 3763 743 3811 ut
766 3773 790 3812 c.
809 3760 853 3812 ⁹5.
890 3761 979 3813 Varia
997 3773 1032 3813 sc
1046 3761 1182 3828 pudenda
1197 3765 1280 3816 sorte

233 3835 362 3902 tepebant.
397 3833 437 3882 st
453 3831 530 3881 MSS.
548 3831 632 3883 carie
648 3832 747 3882 ortum
763 3833 812 3881 eut
830 3829 899 3884 ouri
914 3831 1024 3883 uberte.

249 3972 280 4024 0.
295 3972 321 4020 1.
361 3967 483 4034 teuperto
503 3979 560 4020 non
579 3969 613 4018 ue
633 3967 716 4019 unlus
759 3967 814 4020 ulti
828 3965 1279 4034 imperiumleetumreipubllcse‚

198 4039 367 4104 Vespasiani
380 4037 481 4088 dictum
494 4038 545 4087 sed
560 4038 716 4090 (lel'lavio-
758 4038 910 4090 Domitiani
923 4041 1023 4100 atron
1040 4036 1212 4098 vespusisnl
1226 4038 1280 4086 lm-

197 4121 258 4162 rum
272 4108 387 4174 imperio
395 4122 405 4172 5
421 4119 486 4157 uem
498 4107 668 4172 vespasiani
682 4119 716 4160 sc
759 4107 866 4173 perium
886 4119 1051 4171 prosperum
1069 4106 1126 4171 ipsl
1148 4105 1279 4170 principi,
