2854 4798
420 285 522 357 LlB.
543 285 573 358 l.
619 283 736 360 GAP.
756 289 913 358 bil-bl.
1160 289 1205 358 63

125 453 182 524 dei
202 456 360 546 erimine,
388 461 587 550 mavieeimo
611 461 699 528 inter
726 459 962 533 deeoieoentee.
1011 459 1252 530 Aooeeeereue.

125 563 282 650 partibue
298 563 460 634 Valerius
472 565 651 634 Asiaticus
666 562 824 652 Belgioae
845 565 1036 658 provinciae
1056 567 1202 653 legatus,

123 686 224 754 quem
246 689 322 736 mox
344 657 507 738 Vitellius
533 689 688 755 generum
711 667 871 753 adunivit,
903 678 939 738 et
959 669 1078 738 Inniue
1097 668 1201 738 ‘Blae-

124 789 185 838 aue
207 767 442 858 Lugdunensis
464 773 595 842 Gellioe
617 782 746 856 rentur,
769 795 844 842 eum
868 773 987 844 ltaliou
1010 773 1142 860 logione
1163 779 1200 839 et

124 873 180 940 alu
202 873 352 944 Taurino
373 875 530 964 Lugduni
551 877 777 948 tendentibus.
818 876 892 946 Nee
915 877 949 946 in
968 877 1120 948 llaetioie
1141 897 1199 944 eo·
1248 905 1251 915 Α

123 977 193 1065 piio
211 1001 315 1062 moro,
337 1001 404 1069 quo
425 980 534 1052 minue
556 982 670 1050 atatim
695 981 968 1070 adiungerentur.
1008 987 1065 1053 (it).
1085 978 1140 1050 Ne
1163 981 1199 1047 in

123 1079 301 1150 Britannia
323 1083 456 1175 quidem
479 1083 681 1155 dubitatum.
708 1083 1077 1156 Praeerat‘l'rebelline
1090 1087 1198 1156 blaxi-
1253 1119 1258 1132 a

125 1209 216 1272 mue,
244 1211 306 1277 per
328 1190 503 1258 avaritiam
529 1213 568 1258 ae
590 1189 709 1258 eordee
730 1198 942 1282 oontemptuo
961 1190 1124 1260 exereitui
1146 1191 1198 1256 in·

123 1289 295 1382 vieueque.
336 1292 537 1361 aeoendebat
556 1293 669 1361 odinm
691 1295 764 1364 eine
784 1293 930 1364 Roeoiue
951 1294 1087 1366 caeliue
1105 1295 1197 1381 lega-

123 1401 181 1462 tue
202 1396 378 1464 vioeoimae
399 1397 564 1486 legionie,
591 1400 671 1465 olim
695 1398 842 1484 dieoore,
871 1399 932 1468 eod
954 1399 1128 1468 oooaeione
1148 1397 1196 1464 oi-

122 1497 239 1566 vilinm
262 1521 429 1568 armorum
449 1501 597 1570 atroeiue
623 1511 836 1592 proruperat.
885 1503 1080 1572 Trebellius
1101 1499 1196 1570 eadi-

122 1603 247 1670 tionem
270 1613 305 1671 et
324 1605 497 1673 oonlueum
518 1606 666 1674 ordinem
689 1606 887 1697 dieoiplinao
910 1605 1046 1690 caelio,
1068 1606 1195 1697 opolie-

123 1713 179 1774 tae
198 1713 234 1774 ot
251 1710 367 1799 inopee
386 1709 535 1796 legiones
551 1708 687 1781 Caelina
703 1709 879 1780 Trebellio
898 1710 1098 1792 obieetabat,
1118 1731 1193 1776 oum

121 1811 255 1878 interim
279 1809 387 1880 inedie
408 1813 594 1898 legatorum
615 1814 853 1883 eertnminibue
884 1813 1046 1884 modoetia
1069 1815 1196 1882 exerei-

124 1923 181 1983 tue
211 1925 370 2007 eorrupta
398 1937 504 2005 eoque
530 1915 718 1986 dieoordiae
738 1926 871 1988 ventum
881 1963 894 1996 ,
918 1927 958 1987 nt
983 1919 1193 1988 auxiliarium

121 2041 254 2110 quoque
276 2020 419 2088 militum
441 2019 598 2089 eonvioiia
621 2020 841 2110 proturbetue
871 2030 906 2090 et
932 2023 1193 2111 aggregantibue

122 2147 160 2192 ee
182 2122 298 2194 Caelio
320 2124 513 2194 eobortibuo
533 2125 664 2213 alioque
685 2123 841 2194 deeertne
860 2123 1055 2197 Trebelliue
1075 2127 1118 2194 ad
1130 2126 1194 2194 Vi·

121 2229 253 2296 tellium
274 2229 472 2317 perfugerit.
512 2226 619 2318 Quiee
640 2227 832 2317 provineioe
852 2249 1040 2320 quanquam
1063 2239 1193 2300 remoto

120 2334 290 2402 eoueulori
317 2331 459 2402 monuit:
484 2353 600 2399 rexere
627 2333 732 2420 legati
758 2333 945 2421 legionum,
979 2355 1080 2425 poree
1107 2337 1192 2422 iure,

119 2435 258 2526 Caelina
280 2435 432 2506 audendo
452 2434 635 2528 potentior.

220 2544 277 2611 ol.
326 2537 497 2606 Adiuneto
519 2535 716 2604 ltritunnioo
743 2537 893 2608 exeruitn
921 2539 1040 2629 ingene
1060 2544 1191 2614 viribus

119 2643 308 2736 opibusque
327 2639 491 2710 Vitellius
515 2640 600 2709 duoe
624 2639 745 2727 dueee,
780 2642 848 2710 duo
873 2643 996 2715 itinera
1021 2645 1110 2716 bello
1132 2647 1191 2716 de-

119 2749 270 2820 etirevit.
311 2743 438 2814 Fabius
458 2745 588 2814 Valens
607 2747 744 2814 allicere
763 2749 837 2830 vol,
859 2748 891 2815 ei
912 2749 1113 2836 abnuerent,
1133 2774 1191 2821 va-

120 2861 214 2923 stare
234 2849 365 2920 Galliae
392 2858 427 2916 et
445 2847 619 2917 Cottianis
649 2849 799 2939 Alpibne
828 2849 961 2920 ltaliam
990 2853 1191 2945 irrumpere,

120 2957 264 3029 camina
288 2955 443 3044 propiore
465 2955 613 3021 transitu
633 2951 770 3022 Peninia
793 2954 882 3042 iugie
904 2953 1042 3043 degredi
1064 2959 1189 3028 iueeue.

119 3061 259 3132 Valenti
286 3057 456 3126 inferioris
484 3057 651 3125 exereitne
678 3055 778 3125 oleeti
806 3079 882 3124 oum
912 3059 1026 3148 aquilla
1053 3063 1191 3150 quintae

119 3165 262 3254 legionie
283 3169 319 3229 et
338 3161 530 3229 bobortibue
555 3161 685 3252 aliaque
707 3160 751 3228 ad
770 3159 992 3250 quadraginta
1018 3167 1110 3234 milia
1134 3191 1190 3236 ar·

119 3281 282 3340 matorum
304 3264 404 3347 dota3
424 3263 564 3352 triginta
584 3265 677 3333 milia
700 3261 885 3335 Gaeeinue
908 3268 1084 3358 superiore
1106 3271 1192 3342 Ger·

184 3445 217 3497 G.
231 3446 275 3496 61.
310 3439 427 3498 ronan
443 3443 565 3508 Lipsiae
599 3443 638 3496 et
653 3443 709 3495 eta
725 3439 858 3496 Paeonio

169 3585 217 3636 ulo
230 3579 372 3640 narona]
394 3581 476 3633 Dicta
496 3593 514 3632 a
531 3581 632 3633 'rauri-
676 3579 840 3632 interiectae
856 3579 930 3632 inter
943 3581 1063 3634 Galliam
1083 3589 1112 3637 et
1130 3587 1189 3640 lte-

119 3651 164 3703 nie
183 3651 274 3710 (Ptin.
289 3649 342 3714 111,
351 3650 417 3714 ιλ),
436 3663 551 3714 quorum
565 3653 632 3703 urbe
675 3650 741 3700 lieu
754 3651 862 3700 initium
874 3651 986 3714 eupiunt
998 3665 1017 3704 a
1029 3657 1122 3706 urente
1128 3657 1189 3707 Ve-

121 3721 250 3784 prineepe
263 3720 389 3782 ongum
401 3720 583 3771 'taurinorum
593 3721 633 3786 ll,
675 3719 845 3778 eulotvteo)
858 3725 887 3771 ot
898 3722 1084 3774 terminantur
1096 3729 1189 3778 monte

120 3792 165 3840 to.
180 3801 253 3838 nune
266 3785 367 3838 lurni.
391 3789 475 3840 Beer.
676 3787 788 3840 Genieio
801 3787 930 3857 (omn),
954 3791 1001 3854 qui
1018 3792 1121 3844 dirimit
1133 3797 1188 3845 Sn-

173 3856 204 3910 c.
218 3857 262 3906 60.
296 3854 452 3908 rrueueoa
472 3856 633 3917 nanuum]
677 3859 803 3910 nandium
816 3859 1068 3916 etl’edenrontium.
1102 3865 1189 3928 Alpee

122 3925 213 3978 Aliter
230 3937 309 3988 qnam
331 3923 376 3975 bio
394 3925 428 3976 de
443 3924 564 3976 eiusdem
577 3927 633 3976 viri
676 3927 800 3980 Proetum
813 3929 1017 3982 enontelovle
1027 3931 1189 3990 (Silium.

122 3995 233 4061 ingenio
245 4007 279 4046 uo
297 3995 419 4046 moribue
440 3995 543 4048 iudicet
561 3995 635 4048 eori-
678 3997 774 4056 bord)
793 3998 830 4047 ed
847 4001 966 4050 montem
986 4000 1104 4052 Adnlun
1122 4004 1191 4061 [St.

122 4069 186 4131 pter
199 4067 266 4130 egr.
283 4065 325 4118 lu.
678 4065 1192 4139 umrnmuapomiganturmivmxr,

174 4135 261 4187 aot.
297 4133 637 4202 maminupnmnoe
679 4137 724 4190 aa
741 4136 856 4192 uuna.
