2854 4798
427 254 602 330 nrum.
643 251 946 329 cumn-ea.
1013 203 1018 214 ⁸
1162 255 1228 324 ιιι

155 435 192 498 et
219 429 314 498 venia
341 431 458 500 stetim
494 409 676 522 impetrati
704 427 963 498 concedentibus
993 425 1037 497 ad
1065 427 1305 496 victumne.-

156 553 218 622 per
238 533 387 602 Flavium
410 533 573 603 Sabinum
593 533 637 600 iis
659 532 767 621 copiis
788 533 922 622 quibus,
935 533 1139 622 praefuerat.
1168 599 1172 606 ,

253 635 311 708 62.
352 635 468 708 Posito
492 640 616 728 ubique
647 635 737 704 bello
761 657 879 723 magna
906 659 987 725 pare
1009 643 1148 706 senatue
1170 655 1226 701 ex-

153 743 296 804 tremum
319 737 496 812 discrimen
517 741 619 822 ediit,
640 739 793 828 profecte
814 761 889 806 oum
910 739 1044 808 Otboue
1067 737 1109 806 ab
1129 735 1224 819 urbs,

152 837 230 908 dein
251 841 400 912 Mutinae
422 846 553 912 relicto.
585 842 670 910 illuc
694 841 897 924 adrersode
920 841 1048 932 praelio
1071 843 1223 930 allatum.
1282 868 1289 876 ·
1389 877 1391 884 ·

151 941 212 1010 sed
236 945 360 1014 milites
385 954 424 1013 ut
450 949 574 1018 falsum
597 967 765 1012 rumorem
794 952 1032 1034 aspernantes,
1060 941 1149 1032 quod
1173 943 1223 1008 in·

151 1047 283 1116 feneum
309 1049 443 1132 Othoni,
464 1057 616 1118 senatum
646 1048 917 1130 arbitrabantur,
952 1045 1123 1116 custodire
1150 1064 1221 1110 ser·

152 1171 286 1233 mones,
315 1151 437 1232 uoltum
459 1153 677 1240 habitumque
699 1152 833 1220 trabere
860 1151 895 1218 in
917 1149 1083 1232 datariua3
1112 1147 1222 1214 convi-

150 1253 215 1320 ciie
234 1261 403 1342 postremo
420 1279 458 1324 ao
481 1256 616 1346 probris
635 1277 769 1324 caueam
787 1260 822 1322 et
841 1253 973 1320 initium
989 1251 1100 1320 caedis
1118 1269 1220 1338 quaa-

149 1356 288 1439 rebant,
315 1381 391 1428 cum
413 1361 501 1428 aliua
523 1361 661 1449 iusuper
693 1367 801 1424 matus
827 1357 1039 1424 senatoribus
1066 1357 1220 1432 instaret,

148 1480 191 1526 ne
219 1461 421 1550 praevalidis
450 1463 515 1530 iam
545 1459 681 1530 Vitellii
717 1459 873 1551 partibus
902 1469 1098 1528 cunctanter
1125 1477 1219 1540 exce-
1275 1511 1278 1518 r

148 1563 242 1652 pisse
266 1565 439 1634 victoriam
468 1563 696 1633 crederentur.
754 1551 807 1632 lta
838 1561 964 1652 trepidi
995 1571 1032 1632 et
1059 1563 1218 1648 utrinque

147 1668 237 1734 enuii
264 1675 403 1753 coeunt,
437 1687 533 1734 nemo
568 1667 723 1762 priuatim
751 1663 906 1756 expedito
936 1668 1094 1764 coneilio,
1129 1665 1219 1732 inter
1271 1693 1273 1696 ·

148 1771 274 1838 multoe
296 1772 458 1838 sacietate
478 1771 597 1860 culpae
618 1772 736 1858 tutior.
769 1768 930 1860 onerabat
949 1772 1139 1860 parentium
1161 1791 1219 1856 cu-

146 1894 203 1939 res
225 1872 308 1940 erdo
329 1873 532 1944 Mutinensis
563 1895 656 1942 arma
683 1881 719 1940 et
746 1873 918 1962 pecuniam
946 1873 1132 1954 offerendo,
1159 1894 1219 1962 sp·

143 1977 358 2068 pellebatque
401 1987 516 2068 patres
556 1977 767 2066 conscriptos
807 1975 1041 2066 intempestivo
1083 1976 1217 2064 bonore.

142 2079 199 2150 ὅδε
226 2077 387 2150 Notabile
412 2084 556 2169 iurgium
578 2079 664 2162 luit,
692 2100 759 2167 quo
786 2076 938 2146 Licinius
958 2079 1101 2149 Caenina
1124 2076 1217 2144 Mar·

143 2182 265 2250 cellum
296 2181 437 2273 Eprium
465 2193 505 2252 ut
532 2182 686 2268 ambigua
717 2181 935 2252 disserentem
965 2185 1099 2252 invasit.
1140 2204 1214 2268 nec

144 2285 249 2350 ceteri
279 2287 462 2354 sententias
485 2277 695 2377 aperiebant:
722 2283 784 2354 eed
806 2285 947 2354 invisum
978 2286 1138 2382 memoria
1156 2285 1215 2354 da.

142 2387 305 2454 latiorum
328 2389 581 2478 expositumque
603 2387 647 2456 ad
668 2388 828 2457 invidiam
850 2389 1004 2458 Marcelli
1027 2413 1145 2458 nornen
1166 2389 1214 2458 ir·

142 2488 306 2558 riteverat
328 2491 522 2575 caeninam,
549 2499 588 2558 ut
612 2514 717 2560 novus
738 2491 845 2560 adbuc
865 2499 901 2560 et
921 2491 957 2560 in
978 2501 1129 2561 sanatum
1151 2516 1214 2562 nu·

142 2616 205 2684 per
226 2595 353 2662 ueritus
377 2595 503 2682 magnis
525 2593 711 2662 inimicitiis
735 2595 948 2666 claresceret.
987 2595 1213 2666 mederatione
1262 2595 1266 2602 '

141 2699 315 2766 meliorum
338 2695 507 2788 dirempti.
550 2695 595 2762 Et
617 2695 749 2764 rediere
772 2721 885 2766 omnes
906 2698 1109 2784 Bononiam,
1136 2724 1213 2768 rur-

140 2825 201 2870 eue
230 2802 458 2885 consiliaturi3
493 2801 596 2870 simul
626 2797 735 2867 medio
766 2803 926 2891 temporie
957 2805 1071 2891 plures
1103 2805 1212 2873 nuntii

140 2905 375 2996 sperabantur.
407 2907 611 2986 bononiae,
641 2903 759 2972 diuieia
779 2926 842 2995 per
868 2905 991 2972 itinera
1011 2909 1070 2996 qui
1096 2930 1212 2976 recen-

140 2992 309 3078 tissimum
331 3030 496 3100 quemque
525 3015 818 3098 percontarentur,
848 3007 1078 3099 iuterrogatus
1100 3011 1212 3080 Otho·

138 3115 194 3182 nie
212 3113 357 3182 libertus
377 3135 512 3182 camum
535 3109 729 3200 digressus,
756 3111 880 3180 bebere
901 3137 939 3183 ee
959 3137 1116 3205 suprema
1137 3117 1211 3186 eiua
1326 3143 1331 3158 ·

187 3339 219 3390 c.
231 3337 273 3392 52
307 3337 416 3398 tutior]
435 3335 591 3389 Subiectum
609 3339 654 3388 eet
695 3333 739 3387 illl
761 3333 934 3390 liuticenses
952 3339 1068 3394 tortuito
1088 3353 1211 3406 quorun-

137 3410 347 3474 renuequthue,
378 3409 450 3470 quod
476 3407 653 3460 mutuandum
695 3405 938 3460 mure-comm
956 3411 1061 3478 coetui,
1075 3424 1144 3475 quoe
1160 3425 1210 3464 co·

138 3481 183 3528 eet
197 3491 231 3528 ex
244 3489 342 3542 mmo,
360 3489 447 3540 prope
462 3481 493 3528 ut
506 3474 528 3539 l,
543 3481 566 3528 t.
590 3477 653 3527 Ne·
693 3473 789 3526 mitum
801 3478 895 3536 speeie
909 3491 1001 3530 aecum
1014 3481 1210 3536 duxeretOtbo

138 3559 193 3611 que
204 3557 304 3597 aaron
316 3547 464 3610 quosquam
478 3549 507 3598 et
518 3545 652 3598 dneedm
694 3543 767 3601 (vid.
782 3545 805 3607 1,
813 3545 881 3610 un),
898 3547 971 3598 idem
984 3561 1083 3602 nomen
1097 3551 1209 3620 debent,

138 3616 274 3667 wonder
288 3617 342 3667 eat.
360 3619 432 3666 Anu.
448 3615 527 3679 xlv,
540 3621 567 3668 e.
695 3611 1091 3736 qussdgffigmwfm
1104 3621 1211 3673 nonu

694 3693 763 3733 rec
819 3697 834 3734 e
951 3694 988 3735 ,ἑ

138 3715 282 3849 xlma]
310 3715 497 3784 n⁶m¹¹⁰⁰⁰³’
529 3717 558 3766 π
578 3715 650 3766 ³³¹¹·
694 3751 767 3802 ritus
781 3687 1210 3812 solnmbibtbbnoddildlbneddeltd:

694 3819 773 3872 noue
793 3825 959 3890 hebebatur,
982 3828 1034 3878 red
1053 3827 1138 3878 etlsur
1157 3842 1208 3892 pe-

187 3884 388 3950 tntcmpecttco
400 3883 524 3942 tenore]
538 3883 607 3934 Num
620 3897 653 3936 e-
696 3889 924 3956 riculosteaiune,
941 3894 967 3944 el
981 3895 1011 3947 ln
1024 3899 1102 3948 tanto
1116 3910 1211 3950 rerum

138 3959 203 4008 rent
223 3957 266 4008 itti
287 3967 353 4020 pere
373 3955 479 4014 tentum
494 3957 607 4004 mustus
620 3965 655 4004 uo
697 3959 855 4013 discrimine
873 3975 1005 4016 summaer
1024 3969 1139 4020 sennua
1160 3980 1213 4020 eu-

135 4027 298 4088 *ΜοΝῆ
306 4036 360 4076 11011
372 4023 655 4088 llmmimm
698 4029 856 4086 02⁰er
868 4033 1008 4087 emdnere
1021 4037 1212 4092 crederentur.

136 4099 201 4150 tree
214 4093 381 4160 comortrtt·
404 4091 536 4146 ottoioee
549 4089 657 4158 quidem
701 4097 790 4152 Deru.
