2846 4794
569 249 694 328 GAP.
711 255 825 325 2-3.
1218 257 1242 324 ὅ

157 423 283 497 aditur.
325 427 403 516 quis
424 449 541 518 porro,
559 432 696 514 praeter
716 425 903 518 perieulum
922 421 1054 492 horridi
1071 427 1108 492 at
1128 422 1238 512 ignoti

156 530 278 612 marie,
309 530 398 600 Asia
425 540 485 599 aut
510 530 633 600 Airioa
662 535 722 596 aut
751 527 854 596 latia
881 528 997 596 relieta
1020 527 1236 597 Germaniam

154 641 304 722 pateret,
325 633 500 703 informem
523 633 643 714 terris,
667 653 822 722 asperam
842 633 953 718 eaelo,
985 632 1119 700 tristem
1139 631 1236 700 uultu

155 735 403 826 adopertoque,
432 739 499 806 uiri
522 737 554 804 ai
576 737 689 828 patria
709 728 783 804 siti
831 735 1014 806 Celebrant
1031 733 1235 804 carminibus

156 842 319 930 antiquis,
347 841 438 930 quod
459 863 560 908 uuum
587 837 678 928 apud
704 838 784 907 illos
808 840 989 908 memoriae
1009 846 1045 904 et
1066 839 1234 908 annalium

153 965 259 1030 genus
281 953 346 1028 est,
367 945 569 1014 'l'uisrenam
587 943 684 1012 deum
706 951 799 1010 terra
814 940 942 1010 editum
963 941 1122 1010 etlilium
1138 940 1235 1010 Man-

152 1067 230 1112 num
253 1048 413 1136 originem
436 1049 547 1136 gentis
574 1045 843 1134 eonuinmqus.
893 1046 1016 1114 Manno
1046 1045 1112 1114 tris
1140 1045 1233 1114 lilios

153 1153 345 1237 assignant,
368 1174 388 1219 e
411 1173 552 1241 quorum
574 1149 764 1218 nominibus
786 1147 930 1235 proximi
953 1149 1089 1216 Oueane
1112 1146 1233 1233 lagae-

152 1273 270 1336 vones,
308 1253 410 1321 medii
439 1253 662 1336 Hermiones,
701 1252 807 1319 aeteri
833 1249 1028 1320 Istaevones
1057 1258 1232 1323 vorentur.

152 1352 318 1442 Quidam,
339 1365 379 1425 ut
400 1357 435 1426 in
457 1357 594 1426 liuentia
609 1353 810 1435 vetustatis,
832 1355 948 1444 plures
966 1353 1029 1422 eleo
1043 1361 1138 1422 ortos
1154 1355 1231 1442 plu-

148 1480 270 1548 resque
292 1463 402 1546 gantis
426 1461 687 1550 appellationes,
710 1457 862 1537 Marsos,
887 1446 1119 1544 Gambrivios,
1143 1457 1229 1526 Sus·

149 1583 229 1646 ros,
252 1561 440 1630 Vandalios
462 1565 651 1642 affirmant,
680 1581 786 1648 eaque
806 1581 884 1626 vare
906 1568 942 1626 et
964 1562 1100 1650 antiqua
1121 1561 1230 1628 nemi-

148 1689 212 1746 na,
235 1675 381 1738 osterum
404 1665 603 1735 Germaniae
625 1661 823 1732 veoalsulum
844 1683 961 1730 reeens
984 1671 1020 1732 at
1039 1685 1146 1756 nuper
1168 1661 1230 1732 ad·

148 1871 213 1922 rire
229 1883 302 1934 oeae
316 1873 420 1932 praeeat
439 1870 508 1924 orte
527 1871 617 1936 taret,
637 1869 666 1922 et
709 1867 819 1918 maniae
848 1867 1012 1918 vocabulum
1037 1879 1119 1933 qoem
1146 1867 1228 1922 nodie

148 1940 213 1992 inin
229 1939 272 1990 90.
295 1939 409 1993 Nostro
429 1943 541 1992 remota
563 1939 666 1993 eucta-
708 1937 890 2002 intelligimus
921 1949 1021 1987 recens
1058 1941 1121 1998 est;
1164 1950 1231 1991 nans

147 2019 236 2074 uque
248 2010 335 2061 coelo.
708 2007 775 2057 olim
789 2006 810 2056 il
825 2009 932 2056 tantum
947 2007 993 2070 qui
1007 2005 1088 2070 primi
1102 2007 1228 2060 ltnenum

198 2079 299 2138 euro]
322 2077 358 2127 11.
378 2090 403 2128 e.
421 2075 458 2127 ad
479 2075 664 2145 incolendum,
708 2076 880 2140 transgressi
895 2076 993 2126 Gallos
1007 2076 1173 2138 expulerunt
1192 2089 1228 2130 ao

145 2158 227 2268 li⁰¹³a
250 2147 287 2265 ii
312 2145 663 2280 uiuenti
706 2143 1227 2276 ilititlttiif'ttiitalzittt

145 2249 295 2336 nobiseum,
313 2288 413 2338 terras
433 2283 467 2336 ab
486 2285 600 2336 oriente
624 2283 663 2335 uel
706 2283 819 2332 notioni
831 2284 878 2332 nul
891 2283 1034 2344 proprium
1047 2293 1147 2335 aenon
1160 2285 1226 2336 unl-

146 2353 322 2405 occldentem
349 2355 467 2410 colente
507 2353 571 2404 coll.
596 2353 661 2403 niv.
705 2363 808 2402 versae
821 2353 901 2416 renti
917 2363 1058 2402 commune
1072 2353 1158 2416 asset,
1178 2355 1225 2405 ta-

146 2421 256 2485 xxiv,
266 2419 310 2473 to.
319 2423 411 2472 Plaut.
423 2421 522 2472 Pseud.
538 2421 560 2487 l,
575 2423 601 2484 2,
616 2419 661 2472 68.
702 2431 766 2470 men
779 2419 912 2481 paulatim
927 2421 1046 2470 invaluit
1060 2423 1088 2470 et
1102 2421 1130 2471 ln
1143 2423 1224 2474 Mar-

195 2490 255 2540 niri
265 2491 291 2540 si
306 2490 406 2554 patria
419 2491 473 2549 rit]
490 2489 609 2540 attende
625 2489 662 2539 ad
703 2501 752 2538 sos
766 2501 883 2556 quoque,
897 2489 1083 2554 Gambrivios,
1102 2491 1222 2558 Suevos,

144 2557 459 2620 nonnullamecriptoris
471 2552 660 2624 isoooloylav:
703 2557 880 2620 venialior,
897 2557 970 2608 elios
987 2559 1110 2608 transiit.
1146 2560 1223 2620 Quae

143 2639 209 2680 nsnr
222 2629 266 2678 onl
280 2627 374 2690 petris
389 2627 540 2677 Germania
554 2629 614 2692 est,
633 2627 658 2676 is
702 2637 750 2675 res
771 2625 813 2675 lta
833 2626 942 2676 evenit:
967 2627 1084 2689 primum
1097 2625 1222 2679 victores

143 2697 253 2761 quidem
265 2696 392 2748 incolere
404 2707 481 2760 eam,
500 2707 555 2745 non
568 2698 661 2744 autem
704 2691 849 2744 Gallorum
879 2693 1010 2744 Germani
1038 2707 1089 2746 sen
1116 2693 1222 2762 wuugri

142 2766 274 2818 Asleaut
287 2765 387 2816 Airloa
400 2767 448 2816 aut
461 2765 545 2814 ltalia
558 2763 660 2814 relicta
703 2762 806 2813 eeterls
837 2763 928 2826 gentis
958 2775 1026 2816 suae
1058 2763 1219 2818 nationibus

140 2838 261 2902 petere,
278 2833 332 2884 oliui
350 2835 427 2884 recte
450 2835 552 2896 potest.
587 2833 659 2884 lirr—
702 2833 782 2882 mans
795 2832 919 2881 Rhenum
941 2831 1049 2882 relictis
1071 2833 1144 2886 ialso
1164 2845 1218 2886 no-

142 2919 206 2958 run·
239 2903 343 2966 Nempe
359 2913 512 2966 suppressa
531 2905 575 2952 est
590 2914 658 2952 sen·
701 2901 968 2952 menGermanorum
981 2901 1220 2967 inuuemntapuu

142 2973 247 3027 tentia:
264 2973 310 3027 oel
324 2973 386 3039 onie
407 2972 529 3040 dentque
548 2973 659 3024 tolera-
702 2969 801 3022 Gallos
828 2969 919 3021 victos
968 2969 1000 3020 ol
1021 2973 1128 3023 metum
1154 2973 1217 3026 scil.

140 3047 199 3098 nt.
701 3039 876 3106 faciendum,
894 3004 942 3089 vei
955 3040 1151 3106 adaugendum
1163 3055 1217 3094 ne-

191 3111 375 3169 runconere]
398 3109 465 3164 Vll.
484 3109 655 3162 Grlmm.1i.
699 3107 782 3159 minis
816 3107 860 3156 sul
890 3111 1044 3176 terrorem,
1085 3113 1217 3175 tanquam

139 3183 258 3248 mythol.
274 3197 300 3245 p.
309 3177 419 3232 mx.
698 3175 755 3240 ipsi
769 3175 890 3241 lugentis
905 3179 999 3241 populi
1012 3189 1079 3241 pars
1093 3182 1216 3233 tanturn-

138 3247 656 3382 nnl‘lii'iionniiiiliiiliil
697 3246 1217 3386 linitio:titillatu}

139 3389 317 3454 nannisunt,
335 3399 390 3438 non
404 3387 653 3450 prosopositione3
696 3395 766 3435 neos
780 3385 901 3450 tantum,
923 3387 972 3435 sed
993 3387 1076 3437 etiam
1097 3391 1215 3452 popule-

139 3455 652 3520 suppressaeurrunnuxxxui,
696 3465 745 3504 res
766 3453 915 3516 laberent3
940 3453 1038 3505 deinde
1057 3457 1215 3510 Transrhe-

138 3531 164 3576 2.
201 3526 346 3576 limenas
365 3525 467 3576 ordine
486 3526 654 3590 profectum
696 3522 763 3573 nani
786 3521 929 3572 inventum
941 3523 987 3574 vel
1000 3537 1102 3575 novum
1115 3541 1215 3579 nomen

138 3594 293 3650 celebrans.
340 3591 397 3642 Neo
418 3593 491 3643 enlm
509 3592 653 3656 quaeritur
696 3591 895 3642 Germanorum
911 3593 940 3642 et
959 3593 1015 3656 ipsi
1034 3595 1213 3662 asciveruntr

138 3665 190 3716 hoo
203 3663 283 3728 loon,
307 3673 376 3725 quos
393 3661 524 3713 Germani
544 3671 652 3712 sermo·
695 3659 779 3710 oredo
793 3661 858 3723 quie
872 3671 971 3712 nomen
985 3665 1042 3712 tam
1055 3663 1151 3716 dorse
1166 3665 1212 3715 vi-

137 3745 190 3784 nes
203 3731 347 3782 celebrare
360 3731 485 3796 soleant,
508 3729 558 3780 sei
571 3739 653 3794 qoam
695 3727 794 3780 otoriie
806 3729 928 3782 nationis
942 3733 970 3780 et
990 3733 1213 3798 comengnlneee

136 3800 273 3866 originem
285 3799 330 3850 sui
342 3809 410 3861 prae
425 3801 566 3850 sererent.
575 3799 652 3860 Gua-
695 3809 867 3861 nequaquam
886 3799 985 3862 pudori
1005 3799 1059 3852 sini
1078 3813 1142 3854 esse
1161 3815 1212 3855 re·

136 3879 290 3994 aeonion
307 3869 409 3920 auserit
426 3871 491 3933 post
503 3869 652 3922 Mannum.
696 3867 973 3988 ilaffirkfflilggr
985 3869 1140 3994 offirmo
1157 3883 1210 3935 po·

181 3953 228 3992 no·
857 3973 864 3986 ·
952 3968 960 3985 ·
1139 3951 1212 3994 roa-

187 4007 317 4060 retem
330 4037 338 4055 .
352 4038 360 4056 .
374 4003 569 4064 vocarentur]
582 4003 653 4059 Sen—
695 4005 748 4056 aas
763 3970 1103 4060 nominandarum.
1121 4009 1211 4062 Prae·

136 4090 185 4130 sor
198 4075 255 4130 loel
266 4073 435 4130 eouelmati
446 4075 491 4127 nio
505 4075 566 4126 eet:
580 4073 653 4126 Ger-
697 4075 778 4128 terea
794 4073 998 4128 distinctionem
1016 4077 1123 4132 mutavi
1140 4091 1212 4145 pnn-
