2786 4798
364 239 367 244 ’
470 259 785 351 neure-rs.
1012 325 1016 332 ,
1102 265 1230 336 les¹

77 439 245 522 nestram
269 439 306 502 et
325 433 564 508 Demosthenis
586 441 740 504 esaum.
789 431 889 521 Queri
914 435 1059 525 spatium
1080 442 1166 504 tem-

78 541 193 628 peris
219 539 252 608 si
280 537 324 606 ad
349 537 577 612 infirmitatem
605 557 784 626 uesperum
812 544 1003 606 masuerum
1026 541 1164 620 referas,

79 641 244 710 fertesss
265 643 400 730 lengum
423 639 566 722 videtur,
586 638 629 732 ael
651 649 803 706 naturam
825 643 1034 710 saecularum
1054 666 1093 712 ee
1110 667 1164 711 re-

78 752 248 832 spectum
270 745 423 813 immensi
444 745 543 811 huius
567 743 640 808 sesi
666 762 826 830 perquam
848 743 1006 814 brevest
1031 746 1066 814 in
1086 769 1164 836 pre·
1290 776 1293 786 ·

77 849 184 914 xime
205 855 271 918 eet.
320 846 408 917 Nem
430 846 480 928 si,
500 852 539 914 ut
560 841 679 937 cinere
703 844 738 910 iu
761 844 945 916 Hortensia
964 850 1102 933 serihit,
1130 853 1162 919 ie

79 959 145 1016 est
179 973 319 1038 maguus
348 957 385 1016 et
410 970 511 1016 verus
540 967 664 1027 eunus,
691 968 758 1035 que
785 948 900 1018 eadem
928 953 1163 1040 positionisin

10 1043 11 1098 i
79 1052 328 1142 siderumque,
359 1073 446 1140 qnae
476 1069 550 1118 sum
581 1047 722 1116 maxima
751 1059 823 1134 est,
852 1073 985 1122 rursum
1012 1058 1165 1142 exsistet,

81 1153 191 1244 isque
212 1177 318 1224 annus
344 1156 462 1222 herum
487 1173 575 1242 ques
595 1173 658 1218 nee
679 1173 834 1221 veramne
857 1177 1015 1228 annerum
1037 1158 1163 1229 duede-

10 1295 14 1342 ψ
82 1261 158 1330 eim
188 1258 282 1325 mitia
309 1263 492 1342 nungentos
520 1255 760 1344 quinquaginta
782 1264 944 1344 quattuor
969 1265 1162 1354 complesti·

10 1401 15 1446 ,
82 1365 169 1442 tur,
208 1359 327 1450 iunipit
353 1357 599 1427 Demosthenes
633 1363 766 1435 aester,
800 1381 896 1448 quem
926 1384 987 1431 ves
1013 1371 1160 1438 veterem

85 1471 127 1530 et
151 1464 325 1552 antiquum
353 1461 499 1549 fingitis,
530 1481 596 1528 neu
619 1461 727 1526 selum
749 1459 866 1528 sedem
889 1463 975 1533 anun
1001 1487 1067 1556 que
1088 1491 1162 1553 nes,

86 1565 154 1634 sed
175 1567 279 1634 terme
300 1563 416 1634 endem
438 1585 550 1632 mense
571 1563 735 1633 extitisse.
785 1567 839 1634 17.
867 1563 936 1634 ssu
958 1575 1093 1639 treusee
1116 1569 1161 1640 ad

10 1639 16 1686 Ι
87 1668 236 1738 Latinas
271 1674 444 1748 aratores,
476 1667 662 1754 inquibus
692 1688 758 1734 neu
788 1665 975 1737 Menenium
1009 1679 1161 1762 utpute

10 1744 16 1792 Ι
87 1773 306 1863 Agrippum,
325 1771 384 1860 qui
405 1773 520 1858 petest
540 1769 648 1840 videri
669 1771 843 1860 antiques,
864 1779 1054 1842 uestrarum
1076 1785 1162 1846 tem·

92 1897 217 1965 perum
246 1874 385 1957 disertis
419 1882 617 1964 anteponere
644 1875 781 1958 saletis,
815 1873 877 1942 ssd
905 1873 1097 1948 Cissruueur
1125 1890 1162 1950 st
1194 1890 1199 1900 ⁴

90 1977 273 2050 Gaesarem
300 1985 336 2044 et
363 1973 515 2046 Cestium
546 1984 583 2044 et
610 1974 750 2048 celsam
777 1983 813 2045 et
843 1975 987 2046 Brutum
1015 1989 1051 2048 et
1076 1983 1161 2051 Asi.
1189 2041 1193 2050 .

94 2082 189 2150 nium
212 2090 248 2149 et
269 2080 462 2176 Messalam.
502 2101 587 2167 ques
603 2080 684 2170 qnid
709 2079 856 2170 antiquie
875 2082 1082 2169 temporibus
1103 2107 1164 2174 pn-

91 2187 163 2254 tius
186 2183 365 2256 sseribetis
391 2202 491 2270 quam
519 2185 664 2265 nestris,
690 2205 756 2252 usu
783 2182 889 2254 vittae.
936 2181 1028 2252 Nam
1058 2192 1097 2253 ut
1118 2185 1162 2256 tls

93 2285 256 2358 cinereus
274 2287 350 2375 ipse
378 2286 516 2373 loquar,
546 2284 662 2354 Hirtia
683 2307 801 2375 nempe
821 2293 857 2352 et
882 2283 994 2358 Pensa
1013 2289 1162 2356 sensuli-

93 2388 176 2471 aas,
203 2395 243 2455 ut
265 2387 352 2454 Tire
372 2387 516 2455 libertus
541 2389 614 2456 aius
641 2389 799 2478 scripsit,
826 2387 970 2478 septime
991 2389 1072 2462 idus,
1088 2391 1161 2460 De·

94 2491 239 2559 semissis
268 2489 398 2556 ueniens
423 2495 497 2566 est,
526 2512 593 2578 que
617 2513 702 2560 aune
723 2489 820 2558 divus
840 2492 1022 2578 Augustus
1049 2495 1084 2562 iu
1104 2496 1159 2568 le,

92 2614 166 2660 eum
188 2591 320 2662 Paneas
341 2597 376 2658 et
397 2589 505 2685 Hirtii
533 2615 571 2660 se
600 2600 635 2660 et
654 2592 817 2683 Quintum
840 2591 981 2664 Pedium
1002 2599 1159 2676 eeusnler

93 2693 234 2766 suffecit.
266 2699 380 2762 statue
400 2715 458 2762 sex
481 2701 516 2760 et
535 2695 776 2783 quinquaginta
797 2718 919 2782 annes,
939 2698 1062 2786 quitus
1082 2721 1159 2770 mun

10 2829 11 2866 2
95 2797 189 2868 dirue
204 2799 384 2885 Augustus
406 2818 476 2866 rem
500 2797 666 2888 publicam
688 2801 792 2886 rexit;
812 2799 918 2868 sdiies
933 2799 1065 2872 Tiberii
1085 2810 1157 2874 tres

10 3035 11 3052 ,
158 2991 314 3058 manenter
330 2991 456 3043 Lneuets.
490 2993 528 3043 nt
546 2991 623 3044 MSS.
640 2989 742 3047 DCCC.

157 3108 250 3176 {rems
266 3107 419 3160 Bekkerus.
452 3109 489 3161 nt
506 3109 538 3160 u.
556 3109 647 3176 rm.

157 3221 248 3276 c.17.
282 3221 408 3278 Gentianae
429 3223 490 3278 l’ut.
514 3225 545 3276 nt
568 3220 808 3274 c.ss.eta1ss.
834 3221 865 3274 et
883 3217 979 3276 etius.
1020 3221 1085 3276 uutt
1105 3221 1155 3282 ute

126 3294 160 3342 u.
177 3291 289 3342 Caelius
305 3293 403 3344 Rufus.

158 3417 226 3469 ques
250 3403 320 3468 qesta
343 3405 469 3470 unuqrats
492 3419 527 3457 ex
553 3405 587 3456 B.
610 3407 639 3456 st
661 3404 734 3468 spu.
756 3403 854 3457 nentri.
893 3405 932 3455 ut
953 3402 1060 3456 ruant.
1083 3417 1155 3472 quar

127 3473 235 3538 quiden
255 3483 311 3524 ees·
331 3475 474 3540 mmuh,
497 3487 581 3526 seusu
602 3475 712 3538 sutem,
734 3474 901 3526 euotnrttsts
918 3473 966 3524 vet
986 3475 1155 3527 usaessttsts

126 3541 465 3662 quittasimrturrlslqe'sqapus
484 3546 528 3595 est
544 3541 673 3614 qutiens,
692 3545 720 3596 st
739 3544 807 3611 qesta
824 3555 875 3606 pre
891 3553 947 3595 ess·
962 3543 1010 3596 vel
1026 3541 1154 3600 ctesreui

154 3735 205 3776 seu
222 3721 343 3788 Lipsius.
363 3725 400 3776 st
414 3723 448 3776 u.
465 3733 575 3776 essem.

141 3876 175 3928 st
194 3911 201 3927 .
218 3911 226 3927 .
246 3873 427 3940 saepedum]
452 3874 486 3924 u.
505 3887 530 3926 e.
547 3885 598 3928 rs·
690 3873 722 3927 tes
736 3873 1025 3935 nortmannum
1040 3873 1102 3926 tsrs
1115 3887 1151 3926 sn

25 3997 33 4014 κ
97 3949 200 4012 aurete,
216 3947 247 3996 ut
255 3946 320 3995 ssu.
333 3941 599 4008 tenet.lv,32.1n
640 3939 712 3996 libre
746 3943 796 3994 tlte
837 3943 978 4006 deperdito
1012 3945 1152 4010 exempstt

10 4043 12 4058 .
99 4013 598 4138 fgffiuffifflmwwpm'
640 4013 721 4133 {gu
738 4011 767 4064 ln
782 4009 862 4077 nug.
879 4013 948 4068 Aru
968 4013 992 4076 Ι,
1009 4013 1071 4064 269.
1100 4012 1152 4080 ru,

128 4169 236 4223 trenas
249 4161 491 4224 ertDesdsrtsta.
515 4167 545 4218 u.
563 4163 601 4220 11.
616 4117 703 4218 Mt
939 4127 994 4232 lu'
