2874 4802
441 245 634 319 muru.
662 195 799 319 'unu
821 247 974 320 es-oo.
1180 249 1247 318 uos

182 417 599 503 perfluente'multitudine
622 443 734 490 curem
753 421 906 490 delectus
936 417 978 489 in'
991 423 1145 504 consules
1168 424 1294 508 per-oo,

182 520 279 589 titur.
330 519 508 590 Servorum
534 545 704 591 numerum
727 535 763 591 et
783 525 913 614 pondus
935 526 1064 612 arpenti
1084 525 1247 592 ssueteri-
1338 597 1341 604 ,

180 623 245 688 hue
273 621 402 691 indicit.
459 625 599 712 Equites
629 626 772 694 Romani
801 628 953 696 obtulere
981 649 1115 717 operum
1147 649 1249 717 pecu·

181 727 338 813 uiasque,
366 727 466 792 stium
489 727 657 796 libertinis
683 730 771 797 idem
802 753 919 798 munus
948 732 1039 798 ultro
1067 731 1249 817 flagitanti-

181 829 256 895 bus.
310 828 359 896 En
382 829 552 896 simulatio
575 833 677 900 oflicii
702 857 721 900 a
750 841 841 902 metu
866 835 1014 922 proleote
1039 839 1188 898 verteret
1213 835 1248 900 in

181 933 348 1014 levorem3
376 955 414 1000 ec
437 935 588 1022 plerique
611 936 699 1002 houd
723 937 859 1024 perinde
879 935 1056 1004 Vitellium
1071 957 1174 1024 -quem
1193 957 1248 1004 ce-

182 1049 261 1102 sum·
284 1039 459 1124 locumque
490 1039 696 1127 principatus
729 1041 984 1111 miserebentur.
1042 1059 1101 1106 nec
1133 1035 1249 1106 deerat

181 1141 255 1228 ipse
283 1143 396 1215 voltu,
426 1161 523 1222 vnce,
551 1143 699 1210 lacrimis
727 1142 987 1210 misericordiam
1014 1141 1166 1220 elicere„
1180 1145 1248 1209 ler-

182 1267 247 1328 gus
273 1243 451 1333 promissis
476 1251 529 1325 et,
558 1267 643 1332 qeree
671 1253 789 1312 nature
819 1244 1057 1335 trepidantium
1085 1250 1157 1324 eet,
1187 1246 1248 1310 im·
1315 1293 1317 1298 ·

182 1347 343 1416 modicus.
385 1347 465 1433 quin
489 1355 523 1424 ot
547 1346 723 1416 Gaesarem
748 1369 786 1416 se
806 1347 872 1414 dici
900 1347 1023 1428 voluit,
1050 1357 1249 1434 aspernatus

184 1459 297 1532 entem
321 1449 380 1516 eod
404 1457 482 1516 tuno
503 1452 743 1540 superstitione
765 1452 926 1534 nominis,
947 1451 1079 1537 etquis
1102 1452 1137 1517 in
1160 1455 1249 1519 m'etu
1288 1503 1297 1512 .

183 1555 321 1620 consiliu
355 1552 567 1641 prudentium
595 1563 631 1622 st
664 1557 753 1641 volgi
780 1577 895 1622 mmor
931 1556 1024 1621 iuxta
1055 1553 1255 1625 audiuntur:

183 1656 339 1724 ceterum
362 1663 402 1722 ut
422 1658 530 1724 omnis
552 1657 728 1725 inconsulti
757 1660 901 1748 impetus
921 1665 1039 1743 coeptu
1069 1659 1176 1726 initiis
1194 1676 1251 1726 ιιι-

184 1758 254 1825 lida
276 1759 387 1845 sputio
406 1761 637 1846 languescunt,
657 1761 761 1830 dilabi
784 1762 944 1850 peulutim
966 1769 1137 1828 senatores
1157 1763 1252 1849 equi·
1306 1815 1313 1848 ,

186 1874 322 1951 tesquc,
343 1861 451 1948 primo
474 1846 668 1930 cunctanter
692 1866 803 1931 stubi
831 1866 905 1953 ipse
926 1883 990 1930 nun
1014 1860 1152 1945 odoret,
1177 1887 1251 1932 nox

184 1967 399 2052 contemptim
422 1975 457 2032 et
477 1967 551 2032 sins
571 1966 780 2046 discrimine,
809 1965 913 2042 donec
938 1965 1104 2032 Vitellius
1126 1967 1252 2055 pudore

183 2069 276 2135 irriti
296 2075 434 2134 cunutus
456 2089 541 2156 quus
563 2069 815 2136 condebantur
837 2069 977 2136 remisit.

283 2213 341 2326 Ι59.
385 2251 435 2322 Ut
455 2263 614 2322 terrorem
637 2255 757 2324 ltaliae
777 2277 932 2345 possessu
952 2255 1104 2322 Mevania
1125 2279 1163 2324 ac
1185 2259 1253 2324 rol-

187 2369 228 2428 ut
254 2366 404 2426 renatum
434 2379 473 2424 ex
497 2357 627 2446 integro
655 2359 778 2426 bellum
802 2359 982 2438 intulerat,
1013 2357 1062 2426 ite
1082 2359 1169 2426 houd
1192 2359 1253 2424 du·
1306 2411 1310 2428 .

185 2467 276 2532 bium
308 2483 386 2548 orgo
411 2459 588 2550 Flavianos
616 2471 729 2552 partes
751 2463 899 2529 studium
930 2471 997 2528 tom
1028 2461 1168 2550 pavidus
1190 2461 1254 2526 Vi-

185 2569 273 2635 tellii
298 2563 467 2632 discessus
497 2563 638 2636 eddidit.
694 2575 827 2632 erectus
855 2564 987 2634 Samnis
1017 2563 1254 2652 Pelignusqus,

186 2681 223 2740 st
251 2669 358 2740 Merui
392 2669 630 2750 aemulatione,
665 2667 754 2757 quod
793 2667 973 2758 Gumpnuiu
1013 2669 1254 2752 praevenisset,

187 2775 279 2842 utin
299 2793 382 2840 novo
402 2771 572 2860 obsequio,
593 2771 635 2839 nd
655 2779 773 2840 cnnetu
793 2773 875 2838 belli
897 2772 1007 2838 munia
1029 2791 1123 2838 acres
1146 2779 1253 2846 orent.

187 2877 257 2950 Sed
287 2875 384 2944 ioede
414 2875 520 2942 lrieme
550 2897 611 2964 per
641 2866 819 2942 transitum
848 2875 1018 2966 Apennini
1043 2873 1255 2958 conflictatus

187 2981 373 3064 exercitum
401 2986 436 3044 et
455 2977 509 3046 vix
530 2980 644 3065 quieto
670 2981 798 3064 agmine
827 2977 920 3046 nives
943 2976 1169 3044 eluctantibus
1197 2999 1256 3063 pu-

188 3088 273 3169 tuit,
305 3090 464 3173 quantum
494 3081 697 3148 discriminis
728 3079 915 3150 adeundum
945 3082 1051 3163 foret,
1090 3079 1125 3146 ni
1145 3078 1257 3144 Vitel-

190 3311 330 3374 directos,
347 3313 378 3360 ut
397 3311 471 3359 fluet.
485 3309 549 3359 Ner.
565 3305 609 3360 44.
630 3311 700 3373 Aug.
742 3305 884 3372 penetrum
895 3305 1015 3369 accepte,
1026 3307 1054 3358 et
1068 3303 1168 3356 tritus.
1182 3307 1257 3355 llaec

191 3381 234 3432 57.
250 3383 278 3429 ct
294 3379 403 3430 omnino
418 3378 558 3430 honestius
572 3379 701 3442 egebunt,
743 3389 778 3428 ex
792 3376 916 3440 Rittero,
934 3375 1053 3438 quirem
1066 3375 1155 3425 tuslne
1169 3385 1256 3436 expo-

191 3452 222 3498 nt
234 3449 380 3498 Teum.
392 3444 481 3510 111,4.
496 3447 574 3512 xlv,
588 3451 630 3499 1³.
646 3447 701 3498 l‘u-
744 3445 809 3496 suit.

192 3517 249 3579 pult
263 3527 329 3578 pere
341 3517 613 3577 tribubuedeecriptu
624 3516 701 3580 plene
793 3513 967 3578 mpernntue
978 3512 1084 3568 antea]
1095 3511 1158 3564 viu.
1173 3511 1196 3572 l,
1209 3512 1254 3560 62.

191 3585 303 3636 certans
317 3585 442 3635 XXXV
459 3585 584 3634 triduum
604 3585 701 3648 eppei·
795 3581 1001 3646 superstitione
1012 3579 1152 3636 mudum]
1177 3580 1210 3628 ll.
1230 3593 1256 3629 e.

192 3655 282 3716 tetur,
312 3665 466 3716 quenquam
490 3665 588 3704 nomen
612 3654 701 3717 ipsum
744 3649 1068 3714 superstitiostnomluie
1087 3647 1255 3710 reverentis,

133 3715 138 3726 '
193 3735 247 3772 non
268 3723 339 3772 sutis
360 3724 483 3784 current,
509 3722 549 3771 itu
569 3725 598 3772 ut
619 3724 702 3774 etism
743 3717 1026 3778 crescendum.
1055 3731 1080 3778 p.
1101 3713 1162 3766 420.
1195 3717 1272 3779 ltip.·

192 3791 275 3843 vilior
294 3803 359 3852 pars
375 3791 497 3840 civitatis
520 3791 565 3840 vel
587 3793 702 3854 pupulus
746 3790 837 3843 notos
851 3786 994 3847 (virtutis)
1015 3785 1139 3848 pendunt
1151 3797 1257 3846 euper-

193 3863 273 3910 ortre
288 3861 375 3910 trinus
391 3860 480 3923 puetis
501 3861 628 3912 orcanae
650 3874 701 3911 no·
744 3860 861 3913 stitione
874 3857 1047 3910 teneanturs
1063 3855 1137 3904 tuuc
1149 3855 1255 3920 ament,

191 3943 253 3980 men
269 3931 404 3980 interdum
421 3933 517 3994 geret,
535 3932 566 3978 ut
582 3929 611 3978 in
632 3931 701 3979 titu-
744 3941 809 3981 cem
820 3927 873 3977 leuc
886 3925 987 3983 cicere
1003 3923 1110 3986 uelint,
1127 3924 1189 3975 eine
1202 3923 1257 3976 eac

191 3999 219 4049 lo
245 4000 316 4061 apud
336 4000 484 4049 Gruterum
507 3995 654 4064 CCXLW,
673 3997 701 4049 4.
744 3997 844 4052 count.

191 4067 269 4120 Ptene
290 4065 401 4120 ortum
424 4080 496 4134 quoe
522 4069 702 4134 trumentum
795 4063 877 4117 cot·
895 4055 1042 4128 lamento]
1059 4059 1122 4112 vid.
1138 4060 1166 4110 in
1180 4055 1258 4112 c.5⁵.
