2874 4802
209 291 274 359 142
559 290 969 363 ffls'rontnnun

124 521 126 528 .
156 465 316 532 oscitare
344 465 482 554 saepius,
510 487 608 554 quana
639 459 812 548 coercere,
845 467 928 534 vitia
959 465 1067 554 magis
1095 445 1279 532 amicorum

206 589 305 655 quam
328 567 471 637 virtutes
492 567 719 643 dissimulans.
750 572 878 640 Multos
899 570 1123 660 praefecturis
1145 576 1181 634 et
1198 588 1279 658 pro-

115 751 120 758 ·
205 672 453 754 curationibus,
477 675 659 763 plerosque
680 675 841 742 senatorii
863 675 992 741 ordinis
1013 673 1137 740 honore
1158 691 1278 760 peroc-

204 775 281 860 luit,
302 777 454 861 egrogios
475 777 566 843 viros
584 786 620 844 et
642 801 715 844 mox
737 801 867 846 summa
890 777 1050 865 adeptosc
1072 772 1274 863 quibusdam

204 880 340 945 lortnn'e
367 901 430 970 pro
461 881 642 948 virtutibus
673 881 749 953 fuit.
802 883 1003 949 Donetivom
1038 879 1139 946 militi
1165 897 1275 966 noque

204 980 379 1048 Mucianus
403 983 512 1071 prima
542 985 699 1051 concione
721 985 788 1052 nisi
818 982 946 1052 modica
973 983 1186 1062 ostenderat,
1213 1003 1274 1046 nec

203 1085 435 1174 Vespasianus
456 1087 588 1176 quidem
618 1091 696 1176 plus
717 1091 809 1156 civili
833 1091 922 1186 hollo
945 1087 1070 1156 obtulit
1090 1109 1189 1176 quam
1213 1085 1274 1152 alii

202 1193 238 1258 iu
258 1211 352 1279 pace,
370 1193 507 1278 egregie
527 1193 643 1260 firmus
666 1193 826 1262 adversus
848 1193 1026 1258 militarem
1047 1190 1273 1278 largitionem,

202 1315 309 1383 eoque
330 1296 481 1361 exercitu
502 1297 650 1364 meliore.
694 1299 793 1365 Missi
813 1295 856 1364 ad
878 1293 1040 1363 Parthum
1057 1295 1273 1363 Armenium-

203 1419 268 1486 que
287 1399 411 1484 legati,
440 1401 676 1488 provisumque
698 1422 739 1466 ne
761 1402 868 1466 versis
890 1399 933 1464 ad
955 1399 1052 1466 civile
1073 1398 1197 1466 bellurn
1219 1400 1274 1464 le-

203 1501 359 1588 gionibus
381 1509 476 1588 terga
503 1493 721 1572 nudarentur.
750 1503 867 1570 Titum
891 1505 1018 1570 instare
1037 1501 1271 1584 iudaeae,Ve-

202 1607 395 1694 spanianum
418 1607 568 1672 obtinere
588 1609 738 1672 claustra
760 1609 911 1695 Aegypti
932 1605 1070 1696 placuit.
1107 1605 1271 1673 Sufficere

201 1711 400 1776 videbantur
420 1710 585 1777 'adversus
613 1708 792 1776 Vitellium
818 1721 901 1799 'pars
940 1711 1110 1799 copiarum
1138 1717 1174 1775 ot
1202 1708 1271 1774 dux

200 1812 376 1879 Munianus
398 1822 433 1878 et
452 1811 654 1903 Vespasiani
674 1835 811 1890 nomen,
838 1837 876 1880 ac
905 1815 988 1892 nihil
1009 1814 1149 1882 arduum
1175 1814 1269 1880 latis.

201 1915 262 1984 Ad
285 1937 398 1982 omnes
419 1919 584 1983 exercitus
607 1919 802 2004 legatosque
823 1918 969 2006 scriptae
983 1919 1157 2006 epistolae,
1172 1937 1270 2004 prae·

199 2030 416 2112 septumque,
437 2029 475 2086 ut
496 2019 726 2110 praetorianos
743 2019 887 2088 Vitellio
908 2023 1055 2090 infensos
1077 2015 1268 2108 reciperan-

201 2125 264 2193 dae
284 2124 423 2190 militiae
442 2123 589 2213 praemio
611 2123 803 2192 invitarent.
845 2127 900 2196 83.
921 2127 1096 2194 Mucianus
1115 2145 1189 2190 cum
1212 2145 1269 2188 ex-

199 2229 313 2320 pedita
343 2247 460 2310 mauu,
494 2225 621 2292 socium
657 2227 765 2313 magis
794 2228 926 2315 imperii
950 2249 1048 2316 quam
1079 2228 1268 2294 ministrum

185 2354 320 2420 agens,
340 2351 405 2395 non
426 2330 517 2396 lento
539 2331 676 2412 itinera,
703 2351 744 2397 aa
769 2332 918 2398 cunctari
941 2329 1129 2415 videretur,
1160 2333 1267 2418 niaque
1297 2335 1305 2350 '

198 2446 310 2503 tamen
328 2454 535 2524 properans,
568 2433 712 2518 gliscere
739 2435 860 2501 lamam
892 2436 966 2524 ipso
988 2436 1099 2524 spatio
1124 2435 1268 2515 sinebat,

197 2561 323 2627 guarus
345 2536 493 2602 modicas
519 2535 613 2602 vires'
635 2536 721 2620 sihi,
755 2545 791 2604 ct
814 2537 939 2604 maiora
962 2535 1053 2602 credi
1083 2537 1125 2604 de
1147 2539 1267 2604 ahsen-

196 2645 302 2711 tihus.
346 2639 415 2710 Sed
434 2639 523 2726 legio
540 2647 637 2706 ‘serta
662 2647 697 2707 et
718 2639 878 2708 tredecim
901 2641 1149 2708 vexillariorum
1173 2640 1267 2707 milia

196 2746 325 2833 ingenti
350 2745 479 2830 agmine
502 2743 738 2829 sequebantur.
788 2741 940 2812 Classem
965 2765 983 2810 a
1004 2741 1113 2812 Ponto
1134 2741 1266 2832 Byzan-

197 2851 282 2917 tium
312 2846 402 2932 adigi
429 2847 593 2922 iusserat,
661 2845 813 2932 mhiguus
845 2847 995 2930 consilii,
1031 2869 1109 2913 num
1141 2847 1265 2914 omissa

196 2953 326 3021 Moesia
347 2947 592 3040 Dyrrhachium
635 2948 724 3015 edite
746 2955 847 3036 atque
869 2953 1003 3038 equits,
1030 2951 1133 3017 simul
1154 2951 1265 3036 longis

196 3055 337 3122 navibus
359 3073 489 3120 acreum
520 3051 555 3115 in
583 3049 717 3117 ltaliam
742 3072 833 3118 mare
855 3051 1045 3136 clauderet,
1075 3061 1151 3120 tuta
1178 3076 1265 3144 pone

195 3169 327 3245 tergum
350 3155 481 3222 Achaia
503 3151 675 3238 Asiaque,
697 3175 781 3244 ques
804 3155 948 3220 inermes
970 3157 1088 3243 erponi
1109 3156 1265 3238 Vitellio,

196 3267 230 3329 ni
252 3259 432 3349 praesidiis
450 3257 681 3339 firmarentur3
704 3266 806 3344 atque
827 3257 938 3346 ipsum
957 3254 1134 3326 Vitellium
1157 3261 1193 3326 in
1213 3261 1265 3327 in-

160 3419 163 3428 ,
195 3374 290 3434 carto
308 3363 488 3450 loroquam
505 3369 635 3451 partem
650 3357 771 3426 ltaliae
792 3367 1000 3448 protegeret,
1022 3361 1054 3426 si
1075 3361 1264 3430 sihiBrun-

243 3499 388 3567 fortun]
420 3495 477 3548 Vel
502 3495 634 3548 nobilitas
662 3497 710 3547 vel
751 3495 893 3545 ntsettam
914 3495 1144 3560 tllicordtuaria,
1161 3497 1197 3548 sd
1216 3499 1264 3547 tu-

194 3582 272 3633 opcs.
751 3565 850 3614 endam
863 3565 943 3614 Ponti
956 3567 1045 3617 oram.¹
1067 3565 1263 3633 aegesippus,

246 3666 283 3708 ac
296 3649 516 3716 catarnaum]
529 3645 708 3714 vinnaina.
750 3635 777 3682 9·
799 3633 828 3683 sn
851 3634 979 3683 ⁰r⁸t¹0¹1⁰
997 3633 1153 3698 Ascraeo:
1179 3635 1288 3711 Μαῃ

245 3743 454 3809 recuperantes
465 3739 599 3822 aquus]
614 3737 707 3804 rasse,
750 3703 1264 3836 ffgmmqqmeqqaq

194 3808 707 3878 aureolosranuaumtnucu.1tnassn.
747 3841 820 3892 W
844 3843 914 3892 am
934 3841 1119 3906 mmmm
1142 3807 1262 3908 ’,Μίνω

193 3885 258 3937 vid.
273 3899 298 3936 ⁰·
311 3883 355 3935 ⁶⁷·
749 3909 943 3975 quadruplata
973 3923 1063 3960 nuces
1093 3911 1132 3962 ad
1163 3923 1263 3976 peccas

244 3968 326 4022 ⁰08³·
348 3964 520 4020 ‘redeam-e
533 3961 628 4023 mma]
641 3959 707 4012 Vhda
748 3981 896 4032 emp-cem·
919 3979 963 4028 Eg
977 3979 1056 4030 Lm·

138 4105 144 4120 .
193 4039 305 4092 walch.
320 4039 350 4088 tn
363 4039 430 4100 Agr.
445 4049 472 4098 p·
493 4031 554 4086 ²⁴0·
799 4046 909 4098 statut.
925 4081 934 4097 .
951 4047 1140 4114 peterentur]
1162 4048 1185 4099 1.
1199 4059 1264 4099 e.e

245 4121 502 4180 memoresto]
518 4117 707 4180 ouacltoua-
750 4127 798 4183 aa,
815 4117 954 4166 Muciano.
