2854 4798
99 259 107 278 ⁸
206 265 252 337 78
543 263 948 340 nisuonlnnunr

156 437 388 511 euchodiam
410 439 543 529 incepta
564 442 667 512 simul
689 443 803 512 audita
833 452 869 512 et
891 445 1055 528 coercita,
1080 441 1173 514 Nero
1201 467 1285 514 nun·

206 545 267 612 tiis
289 545 395 631 magis
415 553 450 612 et
470 547 663 614 rumoribus
677 571 776 636 quam
794 550 898 615 ermis
919 549 1095 638 depulsus.
1129 547 1220 616 Tum
1236 550 1286 616 ia·

207 650 323 737 gionee
345 653 539 738 classesque
559 660 612 733 et,
635 650 726 739 quod
748 673 826 718 roro
849 655 945 735 aliae,
966 653 1202 742 praetorianus
1227 673 1286 719 ur·

207 755 381 844 bonusque
403 754 501 820 miles
523 755 557 820 in
585 756 689 822 aciem
714 753 869 838 deducti3
897 758 1023 824 Oriens
1046 753 1285 842 Occidensque

206 867 243 924 at
271 858 431 948 quicquid
459 858 618 945 utrinque
641 859 761 925 virium
792 867 865 940 ost,
892 883 911 926 a
942 871 1057 948 tergo;
1085 862 1116 927 ei
1138 859 1284 926 ducibus

207 961 285 1028 aliis
308 961 470 1028 bellatum
498 961 607 1042 foret,
640 962 741 1048 longo
763 961 853 1030 hello
883 965 1034 1034 materia.
1086 963 1198 1031 Fuere
1225 963 1285 1050 qui

205 1066 433 1154 proficiscenti
454 1061 581 1130 Othoni
609 1083 720 1130 morae
741 1067 1005 1155 religionemque
1032 1067 1178 1135 nondum
1203 1085 1286 1134 oon-

205 1167 353 1236 ditorum
391 1167 548 1234 ancilium
586 1167 756 1238 efferrent.
819 1179 1021 1260 aspernatus
1059 1178 1114 1238 est
1149 1190 1282 1236 omnem

204 1272 450 1338 cunctationem
473 1279 512 1338 ut
536 1271 666 1341 Neroni
694 1295 826 1362 quoque
855 1277 1048 1356 exitiosam
1078 1281 1114 1341 et
1137 1271 1283 1342 Caenina

204 1379 271 1444 ianr
292 1375 403 1464 Alpes
424 1383 657 1460 transgressus
679 1377 929 1446 exstimulahat.
980 1383 1037 1448 90.
1063 1373 1181 1446 Pridie
1202 1374 1281 1442 idue

201 1481 346 1550 Martias
369 1479 597 1545 commendata
626 1479 781 1569 patribus
802 1503 839 1548 re
860 1482 996 1570 publica
1018 1479 1180 1567 reliquiae
1208 1476 1281 1546 Ne·

204 1588 416 1654 reniaearum
441 1583 637 1664 sectionum,
659 1583 805 1652 nondum
828 1587 862 1652 in
882 1586 1000 1652 fiscum
1015 1605 1205 1662 conversas,
1225 1603 1280 1648 re·

203 1690 330 1758 vocatis
359 1687 402 1753 ab
431 1687 532 1754 exilio
559 1689 741 1771 concessit,
775 1691 998 1757 iustissimum
1026 1689 1148 1754 donum
1179 1693 1215 1752 et
1243 1686 1278 1752 in

203 1795 349 1885 speciem
373 1791 602 1877 magnificum,
625 1791 686 1858 eod
707 1793 866 1860 festinata
889 1796 955 1860 iam
978 1793 1107 1882 pridem
1131 1788 1278 1856 exactio·

202 1921 244 1967 ne
266 1919 329 1965 usu
350 1896 480 1964 sterile.
520 1895 599 1963 Mor
623 1905 738 1963 vocata
760 1898 915 1964 concione
943 1896 1151 1963 maiestatem
1181 1891 1277 1960 urbis

203 2011 238 2073 et
258 2021 456 2070 consensum
477 1999 594 2088 populi
616 2023 655 2065 cc
676 2006 813 2066 senatus
835 2023 897 2088 pro
917 2023 955 2068 se
978 2001 1138 2066 attollens
1159 1995 1276 2062 adver-

201 2131 276 2178 sum
294 2105 497 2173 Vitellianas
520 2111 634 2192 partos
656 2103 806 2170 modeste
825 2103 1006 2186 disseruit,
1025 2103 1194 2169 inscitiam
1216 2121 1276 2188 po·

201 2216 272 2281 tius
293 2211 459 2297 legionum
483 2229 583 2295 quem
606 2206 779 2274 audaciam
802 2209 994 2299 increpans,
1023 2209 1117 2274 nulla
1138 2203 1276 2271 Vitellii

201 2316 385 2397 mentione,
420 2311 489 2378 siue
513 2311 622 2400 ipsius
644 2333 683 2378 ea
706 2311 908 2394 moderatio,
938 2334 998 2378 seu
1024 2310 1172 2398 scriptor
1199 2329 1276 2374 cra-

200 2419 304 2488 tionis
326 2415 392 2485 eibi
421 2419 572 2482 metuens
596 2415 807 2482 contumeliis
837 2416 871 2481 in
893 2413 1073 2484 Vitellium
1097 2411 1275 2490 abstinuit,

199 2521 350 2612 qnando,
371 2525 411 2586 nt
431 2519 467 2584 in
489 2517 640 2586 consiliis
659 2519 800 2585 militiae
813 2516 974 2587 Suetonio
988 2517 1132 2588 Paulino
1152 2522 1188 2581 et
1200 2514 1274 2583 Ma·

197 2627 251 2695 rio
275 2625 396 2706 celeo,
424 2623 476 2690 ita
497 2623 532 2688 in
555 2622 657 2690 robus
679 2623 818 2689 urbanis
840 2619 969 2688 Galerii
990 2619 1152 2688 Trachali
1180 2618 1273 2706 iuge-

197 2730 253 2799 nio
270 2729 438 2798 Othonem
460 2725 512 2792 uti
533 2723 744 2795 credebatur.
786 2731 822 2792 et
842 2731 939 2791 erant
954 2724 1014 2812 qui
1035 2745 1139 2810 genus
1160 2721 1271 2810 ipsum

197 2832 316 2904 orandi
339 2835 534 2914 noscerent,
555 2828 673 2897 crebro
691 2829 758 2897 fori
779 2849 843 2896 usu
863 2825 994 2894 celebre
1015 2835 1051 2894 et
1071 2825 1114 2892 ad
1132 2825 1272 2914 imolen·

196 3023 285 3065 cereo
302 3009 334 3061 in
356 3008 502 3074 republica
523 3006 714 3072 pertimuere.
755 3005 830 3058 Nero
843 3001 963 3066 priuatis
980 3001 1132 3054 homiuibus
1146 3001 1271 3054 edinen·

196 3082 264 3132 lind.
280 3079 406 3131 &cereo
426 3089 452 3130 r.
474 3091 502 3141 p.
521 3077 713 3140 pertimuere.
755 3076 791 3126 dc
805 3075 834 3125 et
847 3075 897 3124 eut
911 3073 1174 3124 haetedivendenda
1187 3083 1272 3123 cura-

196 3149 310 3212 Lipsius
325 3159 352 3197 r.
367 3160 394 3210 p.
410 3148 458 3196 vel
475 3147 648 3210 reipublicae
662 3147 712 3196 de·
755 3145 853 3208 verat,
892 3155 1061 3204 quorumque
1084 3142 1202 3206 pretium
1235 3143 1271 3190 eb

194 3221 253 3272 leto
267 3217 393 3268 adversa
404 3216 584 3278 pertimuere
597 3219 712 3279 creetu-
754 3212 922 3275 emptoribus
958 3213 1077 3262 nondum
1114 3210 1270 3262 exsolutum

195 3289 246 3355 lit,
265 3286 347 3349 ioque
362 3285 443 3336 hodie
455 3286 584 3336 invaluit.
603 3285 693 3338 Dono.
752 3282 869 3344 ideoque
888 3281 1008 3330 mondoum
1033 3281 1062 3332 in
1085 3280 1181 3332 fiscum
1199 3290 1269 3329 con-

245 3369 438 3432 conueniant]
448 3371 603 3424 Dalmatiae
615 3371 714 3439 legati,
756 3363 868 3406 versum
881 3353 951 3432 crat.
976 3349 1086 3400 Minime
1101 3349 1271 3400 haectoris

195 3443 273 3495 Suet.
288 3437 330 3491 Gi.
344 3440 386 3490 ia.
757 3423 790 3472 de
802 3417 999 3472 donationibus
1007 3430 1093 3482 supra
1106 3433 1130 3470 c.
1138 3419 1180 3468 2⁰.
1193 3429 1270 3470 com-

246 3525 351 3608 orae
368 3525 486 3591 (Μ’
510 3524 714 3578 0οΜοΝ-
755 3488 915 3612 difflui
928 3487 1270 3622 titiitiiiiitiiiff

195 3597 284 3648 ΜΟ·
318 3595 355 3692 ⁰‚s'
369 3607 394 3645 ⁰·
408 3595 453 3646 ⁷⁶·
497 3677 505 3692 ‚
677 3677 684 3692 ,
755 3625 932 3690 terpretiuue.
964 3627 1079 3676 Burrus.

247 3677 712 3740 corrdetorumocoriiorum]0v1d.
804 3693 953 3754 numme]
970 3695 1034 3746 vid,
1045 3695 1081 3762 ῃ,
1094 3695 1139 3746 60,
1153 3693 1268 3755 Quintil,

194 3749 273 3800 Fut*
283 3749 335 3813 1¹¹2
346 3747 408 3798 ³⁹⁵·
425 3749 516 3800 Arm
529 3751 643 3800 'mviii
655 3761 712 3811 im·
754 3765 792 3832 X,
808 3766 833 3829 1,
849 3765 906 3814 119.
929 3765 1029 3816 Erant
1040 3766 1121 3814 ciero
1133 3766 1163 3815 ei
1174 3775 1269 3828 cuper

193 3829 298 3884 infimi
325 3831 424 3900 ΡΞΨΜ
442 3819 487 3870 ²⁸⁶
506 3818 600 3868 “lim
618 3817 712 3869 mari·
753 3835 876 3899 ioaenio.
903 3833 981 3884 Narra
995 3835 1025 3886 et
1038 3833 1195 3884 Trocirolue
1205 3835 1270 3898 pie·

194 3887 251 3946 itii
271 3887 388 3968 οθῆᾷῑῑα
400 3886 711 3954 conformatorum
752 3914 874 3969 rumque
886 3903 1011 3953 euuimie
1022 3905 1052 3955 et
1064 3903 1269 3967 ammoneatur

193 3965 276 4008 ΝΜ
289 3957 359 4008 mi·
753 3973 815 4038 fuit
827 3975 856 4024 et
869 3973 1034 4036 cumatile
1047 3973 1268 4036 optinuereoe·

247 4037 279 4090 c.
293 4041 338 4090 9ο.
371 4037 513 4105 reliquiae
523 4039 711 4094 Neroniano-
751 4054 820 4099 rese
836 4041 953 4092 muco
967 4042 1186 4104 tmenmciorr
1201 4043 1268 4096 ooli.

193 4110 444 4170 reerectionem]
459 4111 531 4161 Sunt
543 4111 623 4176 ioue,
637 4123 709 4176 qnae
751 4111 820 4177 xii,
833 4109 860 4176 5,
875 4108 901 4162 5.
