2854 4798
216 242 281 316 1⁰8
565 241 977 315 Hlsrournuun

163 422 312 484 merant
331 416 489 502 nuribus,
509 420 589 506 luga
610 417 832 509 diremptum:
864 419 980 486 Macer
1000 415 1044 486 ad
1065 415 1205 484 exitium
1225 438 1286 506 po-

212 519 379 591 scebatur.
430 523 564 610 iamque
596 524 804 591 volneratum
839 523 969 590 eminus
1002 523 1117 588 lancea
1152 521 1285 588 strictis

214 622 338 710 gladiis
359 625 561 708 invaserant,
584 647 657 692 cum
679 625 870 698 intercursu
892 623 1100 690 tribunorum
1117 623 1285 691 centurio·

212 749 359 815 numqua
387 731 591 818 protegitur.
639 725 714 796 Nec
743 729 849 795 multo
877 734 956 814 post
977 724 1170 794 Vestricius
1194 725 1284 816 Spu-

210 829 308 896 rioua
330 832 425 898 iussu
447 831 609 914 Othonis,
638 833 757 898 relicto
781 828 975 898 Placentiae
998 829 1127 898 modico
1151 831 1282 920 praeai-
1412 853 1418 878 ·

211 929 286 1016 dio,
304 956 378 1000 cum
401 935 594 1002 cohortibus
615 934 782 1002 subvenit.
831 930 922 999 Dein
940 933 1094 1004 Fluvium
1120 932 1281 1002 Sabinum

210 1040 381 1104 consulem
403 1037 612 1126 designatum
635 1037 727 1105 Otho
749 1041 914 1104 rectorem
936 1037 1043 1124 copiis
1068 1036 1180 1119 misit,
1207 1039 1282 1125 qui-

112 1137 117 1151 *
210 1139 275 1206 hus
296 1141 411 1210 Macer
439 1143 648 1232 praefuerat,
675 1143 765 1208 lacto
790 1139 897 1209 milite
917 1138 961 1206 ed
982 1144 1197 1209 mutationem
1219 1139 1282 1208 du·

211 1267 305 1327 cun,
347 1253 384 1314 et
412 1244 553 1314 ducibus
579 1246 622 1314 oh
652 1243 789 1311 crebros
815 1241 998 1319 seditiones
1027 1251 1094 1312 tam
1124 1245 1279 1312 infestam

210 1349 364 1419 militium
385 1347 654 1438 aspernantibus.

311 1484 367 1553 37.
409 1479 545 1548 Invenio
567 1477 657 1569 apud
678 1477 839 1567 quosdam
863 1483 1017 1546 auctores
1047 1501 1169 1568 pavore
1197 1479 1280 1550 loelli
1394 1497 1398 1504 '

210 1605 270 1652 sou
291 1583 431 1654 fastidio
452 1585 628 1672 utriusque
650 1583 830 1672 principis,
852 1603 993 1670 quorum
1017 1583 1144 1672 flagitia
1167 1607 1205 1652 ac
1221 1585 1280 1652 de-

210 1688 313 1756 decus
341 1687 507 1777 apertiora
538 1687 573 1752 in
601 1685 675 1753 dics
701 1686 790 1752 larua
823 1685 1066 1771 noscebantur,
1105 1685 1280 1756 dubitasse

209 1791 397 1875 exercitus,
432 1811 510 1856 num
539 1788 652 1879 posito
682 1791 863 1858 certamine
890 1791 944 1857 val
972 1790 1039 1878 ipsi
1067 1790 1102 1856 in
1135 1789 1278 1857 medium

209 1896 456 1978 consultarent,
485 1893 540 1960 val
560 1893 693 1960 senatui
715 1895 948 1982 permitterent
968 1895 1080 1980 legera
1100 1895 1279 1984 imperato-

208 2021 301 2082 rem-3
322 2007 422 2087 atquc
442 2017 482 2062 eo
498 1994 599 2062 ducas
615 1993 824 2064 Othonianos
846 1997 992 2085 spatium
1015 2021 1053 2063 ac
1074 2019 1184 2080 moros
1199 2019 1278 2064 sua·

209 2107 313 2187 sisse,
342 2101 523 2192 praecipua
546 2120 607 2185 spe
629 2095 782 2182 Paulini,
812 2100 902 2188 quod
924 2101 1173 2168 vetustissimus
1199 2123 1279 2168 cor-

208 2207 373 2298 sularium
398 2213 435 2272 at
455 2204 577 2270 militia
599 2205 712 2270 clarus
734 2203 875 2288 gloriam
903 2225 1087 2291 nomenque
1106 2205 1280 2272 Britanni-

207 2308 258 2376 cis
278 2305 544 2400 expeditionibus
566 2309 757 2375 meruisset.
793 2307 866 2395 Ego
888 2315 928 2374 ut
948 2310 1167 2376 concesserim
1189 2306 1279 2398 apud

207 2433 332 2503 paucos
354 2415 457 2479 tacito
480 2417 557 2478 voto
578 2412 723 2498 quietern
742 2432 804 2500 pro
822 2410 1008 2494 discordia,
1031 2411 1152 2478 bouum
1172 2419 1208 2478 et
1228 2411 1280 2476 in-

206 2524 379 2585 uocantem
402 2515 584 2604 principem
605 2535 668 2604 pro
689 2515 845 2602 pessimis
868 2538 905 2580 ac
925 2513 1200 2600 flagitiosissimis
1221 2535 1279 2582 ex-

205 2621 367 2710 petitum,
388 2619 436 2685 ito
460 2639 566 2706 nsque
587 2613 784 2699 Paulinum,
804 2639 870 2705 qua
892 2617 1070 2708 prudentia
1090 2619 1175 2702 fuit,
1201 2641 1279 2708 spa·

204 2745 301 2792 resse
320 2720 575 2812 corruptissimo
597 2725 730 2788 saeculo
755 2729 881 2788 tantam
906 2722 995 2808 volgi
1019 2720 1277 2790 moderationem

205 2849 303 2904 reor,
342 2833 382 2892 ut
408 2827 468 2913 qui
494 2845 608 2912 pacem
638 2823 720 2891 loelli
750 2845 862 2890 amore
891 2825 1124 2906 turbaverant,
1153 2827 1276 2893 ballum

204 2933 300 3020 pacis
322 2931 466 2998 caritate
488 2925 709 3014 dcponcreut3
739 2947 846 3014 neque
869 2935 929 2993 sut
956 2927 1122 2994 exercitus
1150 2929 1278 3014 linguis

205 3034 422 3121 moribusque
443 3029 599 3098 dissonos
628 3029 664 3095 in
693 3031 778 3096 huno
800 3051 996 3098 consensum
1026 3030 1178 3117 potuisse
1199 3053 1277 3098 coa-

203 3139 351 3218 lescere,
382 3142 441 3202 aut
462 3135 593 3219 legatos
622 3153 661 3199 ac
689 3131 810 3216 duces,
841 3157 958 3219 magna
980 3155 1019 3200 cx
1042 3139 1139 3222 parte
1164 3133 1277 3216 luxus,

205 3239 386 3328 egestatis,
407 3237 570 3304 scelerum
594 3235 662 3302 sibi
682 3237 853 3319 conscios,
875 3239 941 3304 nisi
965 3238 1130 3326 pullutum
1153 3234 1277 3303 obstri-

272 3429 305 3484 c.
322 3431 365 3482 ³⁶.
401 3429 441 3482 od
456 3427 580 3480 emittam
598 3429 657 3479 edd.
675 3431 713 3478 nt
730 3431 784 3480 tto.
801 3429 938 3494 cottion,
958 3429 990 3480 ut
1008 3429 1031 3497 1,
1048 3425 1094 3485 4⁵.

273 3547 312 3598 od
329 3543 515 3596 mutationem
532 3545 592 3594 cdd.
611 3545 650 3595 nt
666 3547 721 3594 lle.
739 3546 768 3596 ct
784 3545 823 3596 od
842 3557 879 3595 nc.
913 3543 1061 3606 suspicere
1082 3546 1159 3596 laeto
1177 3545 1207 3596 ct
1223 3543 1279 3596 aui-

238 3613 508 3752 ptppflcpptpunotssm
524 3615 601 3665 tosto
624 3625 658 3664 ec
681 3615 773 3677 potius
794 3613 881 3666 metu
905 3613 1084 3665 communitur
1108 3615 1144 3664 od
1161 3615 1280 3667 accuse
1418 3669 1422 3686 Ι

274 3797 308 3853 c.
324 3799 367 3851 st.
410 3795 565 3862 praecipuo
585 3809 636 3862 cpe
652 3795 800 3859 Blponttni.
828 3797 867 3848 nt
883 3797 964 3850 Man.
981 3796 1163 3862 proecipuus.
1197 3795 1277 3848 ltali-

241 3871 289 3936 qui
304 3865 461 3936 praecipue
479 3867 642 3919 Poulc'mom

207 4005 309 4058 sidium
322 4019 338 4056 c
354 4005 417 4068 ripe
430 4005 545 4057 missum
560 4007 725 4056 commemo·
768 3999 842 4064 plum
854 4001 969 4054 hebetur
982 4013 1038 4053 non
1050 3999 1158 4066 passivi
1170 3967 1221 4054 aad
1233 4011 1281 4052 rc·

209 4079 290 4130 retur
314 4075 435 4143 nullum,
472 4073 582 4139 erepto
607 4071 724 4138 pertici-
769 4071 865 4122 dcxlvi
879 4069 1046 4137 sccrtpera.
