2844 4798
661 928 793 994 Guror
825 923 862 992 ΙΙ.

560 1125 961 1202 Commutatio

356 1295 433 1386 te
496 1291 754 1386 tccttt
822 1309 1165 1385 sermone.

661 1549 861 1559 ———-·--.-

235 1797 267 1864 1.
290 1747 452 1860 Tacitus
472 1767 730 1884 noreeprorens
753 1794 911 1860 cretionis
941 1793 1119 1860 historicae
1142 1794 1304 1860 inventor

236 1897 317 1977 fuit3
347 1916 384 1959 ec
408 1893 518 1982 petius
539 1915 603 1961 non
624 1895 772 1982 repperit
795 1897 868 1984 ipse
894 1893 1101 1973 meditando,
1130 1895 1190 1961 sed
1215 1895 1292 1962 dum
1416 1939 1417 1974 c

238 1997 304 2064 elio
324 2016 421 2084 quem
444 1997 571 2085 priores
594 1999 700 2062 enimc
723 1995 764 2062 ed
787 2017 841 2063 res
862 1995 1054 2062 scribendos
1078 2013 1115 2060 ee
1136 1997 1294 2085 applicet,
1416 1999 1417 2030 ³

238 2119 356 2166 norum
386 2099 484 2162 etiem
515 2097 645 2163 dicendi
673 2119 775 2182 genus
802 2107 919 2188 sponte
948 2105 1060 2163 netum
1089 2105 1152 2165 est.
1200 2097 1293 2164 Olim
1416 2171 1417 2174 g

238 2201 324 2268 euim
355 2197 407 2263 hic
436 2219 506 2264 mos
534 2199 719 2266 invaluerat
751 2199 839 2264 inter
874 2221 983 2266 rerum
1021 2197 1221 2287 scriptores,
1255 2205 1295 2264 ot

239 2295 510 2392 quemadmodum
544 2310 673 2366 maturo
701 2299 830 2366 demum
861 2311 970 2368 eetete
1000 2302 1047 2366 ite
1076 2299 1175 2364 etiem
1205 2307 1296 2365 tren·
1416 2325 1417 2348 1

239 2405 344 2494 quillo
371 2407 406 2470 et
427 2401 543 2468 sedato
573 2403 679 2468 animo
709 2403 910 2486 scriberent,
940 2403 1065 2469 diversi
1092 2402 1133 2466 eb
1155 2403 1297 2468 oratori-

240 2508 321 2587 bus,
349 2505 407 2594 qui
427 2513 551 2594 quanto
573 2505 768 2571 concitatius
793 2507 981 2593 maioreque
1007 2525 1079 2569 eum
1101 2502 1219 2568 effectu
1245 2503 1296 2568 di·

240 2611 373 2690 cebant,
400 2615 493 2674 tento
522 2607 599 2696 plus
628 2607 738 2672 velere
760 2606 897 2674 dicendo
920 2605 1143 2672 crederentur.
1206 2601 1295 2670 Hinc

241 2709 410 2780 moderate
438 2717 585 2776 veterum
613 2709 846 2776 historicorum
876 2717 911 2775 et
938 2707 1059 2774 leniter
1086 2707 1189 2772 fluens
1222 2725 1297 2770 ore-

242 2813 308 2900 tio,
337 2832 449 2881 eorum
472 2831 601 2899 quoque
626 2811 685 2898 qui
707 2813 842 2899 propris
862 2809 1000 2900 quedem
1023 2809 1186 2894 gravitate
1207 2829 1225 2872 o
1244 2827 1297 2874 re-

241 2919 343 3006 liquis
365 2913 526 2998 distingui
547 2933 585 2977 es
606 2911 770 2992 volebant.
956 2915 961 2922 ’

339 3017 398 3085 Ab
423 3015 537 3082 horum
561 3014 664 3098 igitur
688 3011 854 3108 institutis
875 3009 1003 3098 primus
1032 3007 1172 3077 descivit
1196 3009 1298 3077 Τισί-

242 3127 309 3188 tue.
358 3116 393 3184 is
421 3117 506 3181 euim
535 3119 673 3179 uteret
699 3111 829 3198 ingenio
862 3133 925 3178 non
953 3121 1019 3178 tem
1044 3133 1098 3179 res
1123 3119 1236 3198 gestes
1264 3119 1300 3179 et

243 3241 340 3288 cesus
360 3227 560 3303 eventusque
582 3235 692 3280 rerum
714 3214 878 3296 narravit,
898 3215 956 3303 qni
975 3235 1208 3302 saepenumero
1229 3215 1299 3280 tor·
1411 3276 1412 3285 ,

244 3321 322 3389 tuiti
343 3327 437 3401 sunt,
464 3317 524 3385 ssd
554 3337 593 3382 eo
622 3315 829 3402 potissimum
854 3317 962 3383 omnis
986 3315 1123 3396 direxit,
1156 3327 1196 3382 nt
1222 3317 1299 3404 qni·
1409 3372 1411 3403 ,

243 3425 306 3492 bus
337 3421 455 3489 enimin
485 3421 510 3487 ii
546 3419 693 3504 egissent
719 3421 776 3504 qui
806 3416 951 3504 quidque
978 3417 1141 3499 fecerent,
1176 3419 1299 3508 quique

243 3547 355 3594 eorum
390 3543 497 3590 morse
535 3523 678 3588 fuissent
710 3529 973 3604 cognosceretur.
1038 3517 1126 3586 ilinc
1159 3521 1300 3586 maxims
1410 3546 1415 3616 p

244 3633 315 3698 eius
338 3628 445 3696 virtus
473 3624 508 3689 in
532 3619 758 3690 describendis
785 3619 948 3696 hominum
972 3622 1118 3690 moribus
1141 3624 1300 3705 cernitur,

118 3797 123 3804 .
245 3733 314 3800 sive
337 3728 372 3796 id
394 3727 464 3812 egit
491 3731 539 3790 ut
551 3721 743 3789 disserendo
765 3729 928 3812 proponet
955 3723 1018 3789 riri
1046 3725 1230 3814 cuiuspiam
1258 3725 1302 3792 il-
1413 3759 1415 3790 ι

244 3832 363 3902 lustris
382 3827 573 3913 imaginem,
594 3825 629 3890 id
650 3825 739 3914 quod
760 3827 794 3892 in
817 3823 1026 3894 memorando
1043 3828 1132 3896 exitu
1154 3829 1302 3916 plerom-

246 3955 310 4024 que
331 3931 430 4007 tecit,
451 3929 521 3995 sire
537 3917 591 3994 ite
613 3927 701 3994 tecto
722 3927 794 3991 eioe
817 3933 952 4009 narret,
971 3934 1010 3993 ut
1032 3946 1094 3997 sun
1115 3937 1233 4019 sponte
1253 3931 1304 3996 le-
1360 3955 1364 3960 ·

247 4043 360 4128 gentes
382 4027 529 4100 eiusdem
552 4050 659 4096 mores
682 4030 868 4098 aestiment.
