2874 4802
242 252 308 322 2⁰2
581 237 979 336 HISTORIARUM

191 422 286 491 eamd
306 424 394 490 viror
424 423 566 490 hostium
597 426 795 514 annotandae
823 448 973 515 quaeque
1000 424 1090 516 apud
1112 422 1325 496 Cremonam

137 606 141 624 x
242 537 318 595 aete
340 529 451 596 forent
478 529 551 617 ipre
582 534 783 600 mitteretur.
834 551 893 596 nen
921 530 1149 618 exploratione
1178 531 1323 598 oneulta

241 631 360 698 fallere
387 630 569 698 Antonium
608 635 767 714 tentavit,
809 632 869 700 sed
907 631 1061 712 mandata
1094 631 1322 720 imperatorie
1412 647 1413 716 g

179 737 184 752 ’
236 747 406 822 'auumque
429 735 571 800 animum
592 737 784 826 proieaaue,
805 744 843 802 ut
863 745 982 803 ouunta
1000 735 1125 802 viseret
1146 735 1320 822 pootnlat.
1412 767 1413 846 ι

243 837 338 903 mirri
360 836 418 922 qui
437 838 546 904 loonm
568 840 707 927 praelii,
729 838 912 908 Cremonae
934 837 1094 923 vestigia,
1122 845 1240 926 neptae
1254 839 1320 904 de·
1412 849 1413 876 ³

241 941 357 1027 ,ginnas
390 939 615 1012 ostenderent.
669 943 829 1028 Agreotie
859 941 899 1008 ad
930 942 1107 1010 Vitellium
1138 940 1318 1020 remeavit,

243 1043 465 1138 abnuentique
487 1065 564 1111 vara
591 1067 666 1114 erre
687 1067 774 1134 quae
800 1045 956 1127 afferrat,
986 1055 1086 1133 atquo
1114 1047 1206 1112 uitro
1235 1065 1319 1112 eor-
1412 1037 1413 1094 i

242 1155 376 1230 ruptum
398 1149 570 1230 arguenti,
597 1147 923 1237 „quandoquidem“
945 1150 1057 1236 inquit
1078 1169 1226 1233 „magno
1249 1146 1317 1214 do-

242 1256 394 1314 cumento
424 1270 509 1334 opue
540 1258 613 1328 eet,
643 1275 701 1320 nen
729 1255 816 1320 aiine
853 1251 919 1318 iarn
949 1251 1018 1318 tibi
1047 1259 1107 1317 aut
1135 1252 1223 1318 vitae
1251 1259 1317 1316 aut
1412 1287 1413 1334 ι

242 1351 360 1417 mortio
388 1372 479 1418 meae
507 1375 606 1436 naua,
642 1355 728 1423 dono
756 1359 811 1422 oui
841 1351 994 1422 eredao.“
1049 1360 1150 1440 atqua
1177 1353 1226 1420 ita
1257 1351 1316 1419 di·
1412 1341 1413 1426 i

240 1476 377 1540 greerur
400 1457 584 1523 voluntaria
610 1467 716 1526 morto
740 1458 829 1526 diota
848 1456 1003 1524 firmavit.
1046 1456 1182 1545 quidam
1210 1455 1313 1524 iueeu

241 1557 378 1625 Viteliii
396 1559 625 1643 interiectum,
657 1561 698 1628 de
727 1561 793 1628 tide
817 1561 1067 1646 constantiaque
1089 1558 1205 1626 eadem
1232 1565 1313 1626 tra·
1412 1599 1413 1638 3

240 1662 367 1729 didere.
410 1663 465 1731 65.
486 1661 762 1744 Vitelliua‚utu
784 1684 898 1732 somno
919 1659 1313 1742 exuitue‚1uiinnPri-
1412 1653 1413 1680 ³

188 1847 194 1854 ,
240 1785 333 1834 onum
361 1773 396 1831 et
425 1765 593 1834 Alienum
615 1767 743 1835 Varum
780 1789 854 1834 eum
880 1764 1146 1854 quattuordecim
1174 1771 1312 1853 praeto-

240 1869 303 1936 riir
323 1868 516 1934 eohortibue
538 1878 574 1936 et
598 1871 750 1938 omnibus
765 1875 914 1960 equitum
927 1871 1002 1938 alia
1021 1869 1175 1936 ohaidere
1188 1870 1311 1957 Apen-

240 1972 350 2042 ninum
381 1971 484 2041 iubet.
529 1979 645 2038 aeouta
668 1995 687 2040 e
709 1973 860 2040 olaaaieia
888 1975 990 2058 tegio.
1033 1972 1103 2040 Tot
1132 1973 1225 2040 milia
1253 1994 1311 2040 ar-

241 2084 423 2156 matorum,
445 2077 533 2142 lento
555 2077 651 2163 oquin
675 2077 842 2163 virisque,
872 2077 903 2141 ai
925 2074 992 2142 dux
1013 2077 1101 2144 aliua
1122 2077 1230 2157 ieret,
1256 2077 1310 2143 in-

239 2179 375 2255 ferendo
396 2199 529 2267 quoque
560 2178 648 2248 helio
673 2182 758 2248 antio
787 2179 970 2268 poliebant.
1020 2178 1161 2248 Ceterae
1189 2180 1308 2246 eohor-

239 2296 292 2350 ιιι
327 2281 370 2350 ed
404 2283 560 2350 tuendam
598 2283 714 2352 urbem
745 2283 851 2352 Lunio
886 2281 1027 2351 Vitellio
1059 2283 1161 2350 fratri
1193 2281 1306 2353 datae.

238 2383 423 2474 iprenihil
450 2407 469 2452 e
495 2387 601 2454 eolito'
623 2388 704 2453 luxu
731 2387 922 2468 remittere,
950 2394 986 2453 et
1011 2385 1197 2454 diffidentia
1228 2409 1307 2476 pro-

239 2513 359 2578 perus,
379 2491 544 2558 festinare
562 2491 710 2568 domitia,
731 2491 852 2579 quibua
869 2491 1024 2558 eoneuiee
1047 2493 1082 2556 in
1103 2489 1228 2556 multoe
1247 2511 1306 2557 an·

238 2617 299 2661 noe
324 2594 532 2677 destinabam
568 2591 703 2660 foedera
730 2595 850 2676 eooiin,
877 2592 1011 2660 Latium
1034 2593 1180 2660 externi·
1202 2592 1306 2660 diter·

202 2697 208 2704 '
238 2699 321 2784 giri3
344 2699 395 2765 hie
418 2697 545 2766 tributa
568 2697 756 2779 dimittere,
780 2699 864 2766 aliea
885 2689 1151 2764 immunitatibur
1172 2697 1305 2780 inrare3

238 2801 382 2888 denique
415 2804 507 2868 nulia
542 2801 576 2868 in
611 2810 780 2889 posterum
816 2821 897 2868 cura
933 2801 1081 2866 laeerare
1116 2799 1303 2889 imperium.

238 2905 298 2970 aad
319 2907 437 2990 roigue
455 2903 497 2970 ad
521 2901 779 2991 magnitudinem
800 2903 1031 2970 Meefioiarum
1056 2901 1190 2986 aderat3
1218 2907 1304 2971 atui·

238 3006 390 3072 tieeimue
413 3009 555 3095 quinque
577 3008 727 3096 paouniia
756 3008 985 3087 mercabatur3
1016 3004 1105 3092 apud
1134 3006 1303 3095 sapienter

237 3131 332 3174 nnana
355 3109 580 3193 habebantur,
608 3132 820 3200 quoeunque
844 3109 919 3176 dari
947 3131 1053 3196 neque
1075 3109 1182 3196 aeoipi
1210 3111 1303 3176 aalra

238 3231 273 3276 re
297 3209 432 3297 publiea
458 3221 624 3303 poterant.
676 3213 827 3282 Tandem
855 3213 1025 3299 flagitante
1052 3212 1217 3293 exereitu,
1245 3213 1302 3298 qui

237 3313 420 3380 Mevaniam
443 3315 629 3400 insederat,
651 3339 768 3404 magno
790 3325 980 3385 aenatorum
1000 3305 1142 3401 agmine,
1162 3336 1302 3400 quornm

289 3451 319 3505 C.
334 3451 376 3504 55.
411 3456 486 3507 teoto
499 3456 602 3517 onmia]
622 3458 655 3506 Η.
671 3471 695 3507 e.
716 3470 748 3508 e·
791 3479 826 3491 —
842 3457 973 3520 nattum,
989 3453 1134 3517 instantii,
1150 3454 1222 3504 Anu,
1237 3455 1300 3520 XV,

238 3525 313 3574 lecta
334 3523 379 3572 vel
399 3524 516 3590 eximia,
542 3527 572 3576 ut
589 3529 660 3578 Ann.
682 3525 748 3592 xli,
792 3529 835 3580 ³2.
858 3528 920 3578 aire
935 3523 1133 3576 Latinitatem.

238 3589 281 3644 40.
300 3587 389 3644 Lecta
400 3594 491 3646 armis
503 3596 646 3648 iuventae·
841 3597 974 3648 lacerare
993 3591 1164 3656 importum]
1188 3592 1224 3640 ut
1244 3589 1300 3643 Cin

655 3663 658 3672 “
792 3663 938 3730 ou.1‚1⁷,
953 3663 996 3716 57.
1012 3665 1146 3724 incerare
1164 3659 1301 3722 patrum.

290 3729 412 3794 foedera
428 3730 533 3792 todia]
554 3732 587 3782 u.
610 3746 633 3782 e.
656 3732 749 3785 aoniae
792 3735 833 3786 De
851 3735 944 3784 eadem
965 3744 996 3782 ra
1017 3733 1092 3780 Suet.
1114 3727 1171 3779 vtt.
1188 3727 1231 3779 15.
1257 3729 1301 3781 An

240 3801 320 3850 urnae
346 3801 548 3852 foederatarum
569 3801 674 3854 omium
701 3805 749 3852 no·
791 3805 974 3859 retinendum
983 3803 1149 3852 ceterorum
1160 3795 1301 3850 ronam

240 3881 308 3918 noro
322 3871 350 3918 et
369 3871 523 3934 privilegiis
537 3871 666 3936 donarit,
683 3883 750 3922 auos
791 3873 920 3925 studium
939 3883 974 3922 ae
994 3871 1127 3938 fauorem
1147 3865 1218 3916 nuo
1244 3881 1301 3918 non

240 3939 270 3986 ut
285 3939 464 4002 magistratus
479 3943 617 3994 nuberent.
641 3941 749 3994 unuu-
792 3943 900 4006 punine
920 3939 1114 4004 potentiamne
1127 3935 1206 3986 natta
1217 3937 1300 3989 aditi-

240 4010 360 4069 guuntur
379 4009 449 4060 eonii
470 4020 488 4060 e
509 4011 660 4063 foederatio
678 4010 751 4074 apud
794 4011 850 4066 itte
866 4012 948 4062 modo
966 4007 1092 4071 larana:
1106 4005 1159 4056 eat.

241 4075 297 4129 cio.
313 4077 367 4127 Pia.
382 4074 426 4128 41.
457 4077 520 4130 Vin
533 4080 607 4133 Soet.
623 4077 749 4148 Ang.d'1'·
845 4079 992 4140 Maeonia]
1013 4075 1098 4128 Hodie
1111 4075 1254 4140 Beroqno.
