2854 4798
436 317 540 391 utu.
562 315 593 390 1.
628 311 751 389 cAP.
775 317 932 388 30-31.
1181 313 1227 383 29

144 517 243 564 cesse
266 517 309 562 eo
328 491 390 562 illo
411 491 568 562 muliebri
586 498 709 560 erratu
732 497 918 558 mereretur
938 480 1141 578 imperiumi
1161 486 1276 560 tal-ea.

143 601 262 668 luetur
280 599 403 688 quibus
426 598 561 664 luxuria
582 601 694 684 specle
717 594 934 662 liberalitatis
957 593 1110 683 imponit
1143 587 1226 658 Per·
1282 607 1285 615 ’

147 705 228 773 dere
259 705 326 772 iste
350 693 452 786 sciet,
481 700 606 769 donare
635 701 776 770 nesciet.
835 695 962 788 Stupra
990 717 1077 762 nuno
1106 702 1141 762 et
1171 715 1228 762 oe-

144 809 360 876 missationes
391 812 427 872 et
463 804 661 870 feminarum
696 811 813 871 coetos
841 799 948 869 volvit
983 801 1109 866 auimo:
1145 797 1228 864 baec

143 914 355 1002 principatus
378 909 526 998 praemia
553 915 670 996 putet3
705 928 846 995 querum
873 903 980 972 libide
1005 925 1044 970 aa
1070 901 1228 990 voluptas

143 1039 246 1106 penes
268 1017 379 1105 ipsum
401 1013 470 1089 eit,
491 1011 596 1078 rubor
617 1033 655 1078 ac
679 1009 822 1078 dedecus
845 1029 947 1097 penes
969 1025 1096 1078 emnes‘.
1129 1026 1228 1074 neme

144 1122 231 1186 enim
254 1141 399 1206 uuquam
421 1117 599 1206 imperium
622 1115 749 1200 flagitio
764 1113 954 1202 quaesitum
976 1111 1075 1178 bonis
1095 1110 1227 1178 artibus
1357 1159 1363 1165 -

146 1221 308 1291 exercuit.
351 1220 492 1290 Galbam
517 1239 700 1286 censensus
721 1219 853 1304 generis
874 1215 1021 1296 bumeni,
1044 1237 1094 1281 me
1117 1213 1228 1282 Galba
1350 1294 1358 1310 ,
1396 1276 1404 1294 ,

146 1324 432 1392 consentientibus
462 1325 556 1391 vebis
578 1320 759 1391 Caesarem
787 1319 884 1390 dixit.
941 1318 980 1388 si
1006 1339 1062 1384 rss
1091 1316 1228 1406 publico

145 1437 181 1496 et
202 1437 340 1494 senatos
360 1435 397 1494 et
420 1429 565 1517 populus
587 1448 670 1495 vana
694 1425 827 1492 nemina
849 1431 946 1504 sunt,
974 1429 1107 1502 vestra,
1137 1443 1246 1487 oem-·
1324 1467 1328 1485 .

145 1531 334 1612 militenen,
366 1530 528 1613 interest,
565 1553 606 1598 ue
637 1530 873 1619 imperatorem
913 1525 1053 1618 pessimi
1088 1525 1228 1595 iaciant.

145 1633 331 1721 Legionem
354 1632 479 1701 seditio
510 1633 687 1702 adversum
711 1631 814 1698 duces
836 1653 916 1699 suos
946 1627 1061 1696 audita
1084 1635 1139 1696 est
1165 1628 1228 1696 ali-

145 1735 297 1826 quando:
319 1743 432 1810 vestra
454 1736 538 1804 fides
560 1737 714 1826 famaque
731 1737 850 1804 illaesa
866 1735 909 1802 ad
930 1735 1016 1800 buno
1031 1731 1118 1798 diem
1135 1753 1228 1800 mau-

145 1841 203 1909 sit.
254 1849 290 1906 et
309 1836 402 1907 Nero
425 1863 559 1929 queque
582 1862 642 1908 vos
664 1839 841 1921 destituit,
875 1861 940 1905 nen
962 1857 1021 1906 ves
1044 1833 1228 1907 Neronem.

145 1943 258 2012 Minus
281 1943 421 2028 triginta
444 1943 639 2028 transfugae
661 1949 696 2010 et
718 1943 928 2024 desertores,
949 1937 1034 2031 ques
1058 1942 1228 2011 centurie·

145 2069 221 2114 nem
251 2055 310 2114 aut
340 2044 512 2112 tribunum
544 2047 611 2113 sibi
642 2047 805 2132 eligentes
836 2067 932 2112 nome
959 2047 1083 2130 ferret,
1123 2047 1229 2135 impe-

144 2153 232 2218 rium
256 2144 499 2235 assignabunt?
542 2149 724 2217 admittitis
747 2142 959 2240 exemplum?
995 2155 1031 2216 et
1054 2150 1229 2238 quiescen-

146 2253 189 2322 do
212 2274 385 2321 commune
407 2253 532 2320 crimen
555 2249 694 2323 tacitis?
745 2252 962 2321 transcendet
989 2254 1071 2320 baec
1092 2254 1229 2323 licentia

145 2357 181 2424 in
203 2356 411 2447 provincies3
439 2367 475 2424 at
496 2357 539 2423 ed
560 2380 621 2426 nes
644 2359 811 2425 scelerum
836 2357 963 2439 exitus,
993 2355 1161 2425 bellorum
1183 2355 1228 2426 ad

146 2483 207 2530 ves
228 2459 455 2550 pertinebunt.
508 2459 582 2528 Neo
605 2467 659 2527 est
681 2461 759 2548 plus
781 2460 872 2550 quod
895 2483 957 2549 pre
977 2459 1080 2528 caede
1101 2462 1244 2552 prinei-v

146 2563 203 2652 pis
229 2583 329 2651 qnam
351 2561 441 2649 qued
468 2563 700 2630 innocentibus
723 2561 841 2648 datur,
868 2565 929 2632 sed
959 2562 1099 2655 perinde
1122 2587 1142 2633 e
1163 2589 1228 2635 no-

146 2667 202 2734 bis
223 2665 412 2732 donativem
437 2664 479 2732 eb
502 2665 599 2732 iidem
621 2688 721 2755 quam
744 2665 787 2731 ab
810 2669 888 2736 aliis
917 2690 980 2758 pre
1002 2668 1151 2736 facinere
1171 2691 1228 2738 ee-

146 2769 318 2860 cipietis.“
363 2772 419 2836 31.
455 2767 611 2858 Dilapsis
639 2770 927 2858 speculatoribus,
966 2779 1078 2838 cetera
1107 2773 1228 2842 cobere

197 2917 295 2984 speeie
317 2919 469 2969 Rhenanus
492 2922 524 2970 ut
547 2919 797 2985 Plln.1ep.11,o.
832 2920 879 2972 Ne
901 2920 953 2972 tlbt
976 2919 1102 2982 optimae
1124 2921 1229 2976 meluis
1253 2975 1254 2980 χ

179 2991 277 3044 iuvent
294 2989 474 3052 quorundam
491 2989 521 3038 tn
545 3001 643 3041 snenea
665 2990 789 3042 lumerto
806 2991 898 3054 specte
921 2991 1110 3058 frugalitatis
1133 2991 1228 3056 impe·

178 3061 253 3181 att.
267 3058 471 3179 nibridio?
470 3058 592 3190 tilla
610 3061 663 3178 ⁸13¹?
665 3059 890 3178 lt‘tl‘llt‘
902 3059 1228 3195 t‘ltllt‘tlttt

600 3162 609 3192 t
731 3165 738 3179 ·
806 3162 815 3193 t
876 3160 886 3196 t
923 3163 930 3176 ‘

178 3196 283 3266 fraudi
298 3197 420 3260 spectem
437 3196 513 3247 teris
530 3197 684 3261 impoettis.
719 3197 823 3248 lledem
844 3196 943 3248 mendo
960 3210 984 3248 o.
1000 3195 1045 3251 74.
1066 3199 1227 3268 offereban-

179 3271 232 3322 ter
253 3277 304 3330 pre
321 3265 481 3332 efferebant
496 3266 631 3330 seriptum
647 3268 719 3318 eret.
753 3267 845 3319 Deru.

211 3377 290 3418 eane
311 3365 372 3414 edd.
395 3377 431 3415 ex
453 3363 509 3415 cti.
551 3367 589 3417 st
605 3367 659 3416 Me
682 3376 793 3431 roone,
818 3365 914 3416 eedem
937 3377 1039 3432 sensu,
1062 3369 1094 3418 nt
1110 3367 1224 3420 Patren.

179 3435 241 3490 tot.
274 3431 345 3484 Stes
360 3445 449 3485 coeco
462 3433 599 3498 sptrttum
619 3439 757 3500 tanquam
778 3445 842 3485 rem
861 3447 981 3486 vacuam
1002 3435 1168 3500 impendere
1188 3451 1227 3491 ne

179 3517 231 3555 ees
246 3503 358 3566 medem
376 3504 451 3554 cette
467 3503 611 3554 eutettene.
647 3503 688 3554 Da
706 3516 863 3568 synonymo
880 3504 977 3555 tuente
994 3505 1056 3554 soll.
1077 3519 1109 3558 re
1126 3509 1155 3556 et
1171 3519 1227 3558 ve·

178 3573 279 3635 rltete,
303 3575 386 3622 notus
409 3573 455 3621 cst
471 3585 548 3622 usus.
582 3574 648 3626 Teo.
664 3573 717 3642 lv,
735 3571 778 3625 14.
819 3574 922 3626 leonte
940 3573 1082 3641 helenum
1101 3576 1225 3630 nomme.

178 3644 284 3704 synon.
301 3639 362 3690 bat.
379 3639 408 3704 l,
426 3653 452 3704 p.
466 3641 511 3692 96.

197 3753 338 3813 Perdere]
356 3755 390 3802 ll.
406 3767 431 3803 e.
452 3755 629 3816 pretendere.
706 3755 835 3823 translit,
869 3758 921 3808 beo
940 3756 1041 3808 saltem
1069 3759 1166 3810 curete
1188 3771 1225 3812 ne

200 3824 234 3872 st
247 3823 421 3884 respubltce]
439 3825 543 3874 seusus
557 3827 617 3874 est:
633 3823 664 3876 Sl
706 3827 820 3892 pessiml
833 3827 949 3877 militum
963 3827 992 3877 lo
1004 3828 1049 3896 ius
1062 3835 1206 3892 usurpent.

146 3902 216 3941 vere
229 3891 336 3942 lntertlt
353 3891 448 3954 prisca
467 3893 537 3955 reip.
556 3893 663 3944 liberes

145 3959 252 4026 terme,
278 3971 333 4023 qus
357 3973 443 4023 penes
463 3965 589 4013 sensum
611 3975 663 4025 pe·
756 3975 814 4016 nen
828 3962 1126 4025 necNerenstNam
1139 3977 1224 4030 pree-

145 4030 292 4093 polumqoc
307 4033 369 4080 eret
387 4030 570 4093 imperatores
585 4031 663 4083 teoc-
705 4032 808 4084 terlenl
820 4045 907 4095 posue
919 4033 955 4083 ed
965 4035 1118 4086 extremum
1130 4035 1223 4086 tldell-

146 4111 195 4165 re,
218 4111 253 4151 ae
269 4099 295 4150 sl
309 4111 383 4151 nune
396 4103 541 4163 pestem
555 4100 662 4153 caess-
705 4104 749 4151 ter
786 4103 925 4154 alluerant
957 4102 1073 4156 Nereul.
1116 4103 1223 4168 lelil.

144 4168 221 4222 ribus
233 4179 378 4238 memus,
395 4171 432 4222 ed
444 4171 561 4225 mllltem
573 4171 603 4223 ld
616 4171 661 4224 tes
703 4169 819 4236 Lxlll,
837 4171 883 4224 27.
