2844 4798
284 301 286 306 -
403 255 467 324 nu
488 255 656 326 Tucffl
681 251 912 326 SBRMONE.
1117 275 1184 322 svn

107 417 255 518 passim
277 417 496 516 comparatas.
536 428 659 508 Rosius
681 429 837 502 Horatii,
859 437 897 494 ut
918 428 1009 495 Anu.
1030 425 1109 507 XV,
1128 427 1183 492 37.

107 531 178 595 Ex
208 535 268 598 ilio
297 539 661 598 contaminatorum
686 553 804 615 ἕπει,
831 531 908 618 coll.
937 527 1048 600 carn.
1074 527 1183 608 1,³⁷,

106 639 148 700 9.
190 653 261 698 uon
293 635 378 698 enim
413 632 576 721 spadones
606 633 768 702 communi
803 653 952 698 sermone
989 637 1182 696 mmmdcc-

108 747 233 800 toms
261 737 418 802 vooslrulo
452 735 579 803 vinisss
617 734 731 815 credo,
765 725 925 820 nusquam
954 730 1041 820 quod
1081 731 1181 798 sciam

110 835 257 916 Ovidii,
281 838 455 925 scriptoris
476 837 604 921 ingenio
626 837 828 904 eiuratione
849 834 1082 915 dissimillimi,
1112 855 1182 899 me·
1236 851 1243 860 ’

111 957 201 1002 mur
229 939 311 1018 iuit3
340 943 506 1006 necerim
527 941 627 1006 verba
649 941 815 1026 Λεὼ.
843 949 998 1025 tanquan
1025 957 1181 1024 expressa

109 1058 158 1104 ex
200 1039 301 1110 Ovid.
327 1041 407 1108 mes.
435 1041 490 1122 ll,
520 1043 595 1112 887.
629 1043 901 1130 comparavimus.
928 1037 1022 1106 0sed
1054 1061 1094 1106 ne
1128 1039 1182 1106 eui

113 1140 261 1227 quidem
297 1145 455 1234 temporis
484 1145 591 1231 poetis
625 1163 698 1208 sum
732 1143 883 1210 honorem
907 1141 1048 1212 invidit.
1105 1141 1184 1207 Silii

113 1244 245 1310 Italics·
270 1247 437 1334 exemplu,
462 1248 599 1334 opinor,
626 1245 754 1311 oculum
783 1247 929 1312 docorem
954 1243 1038 1314 dixit
1069 1244 1181 1314 Germ.

115 1350 155 1413 6.
187 1345 356 1412 Vulci-iuer
379 1349 531 1412 Flaccum
551 1346 641 1416 Hiel.
660 1345 733 1430 Ill,
753 1351 807 1418 74.
831 1349 1006 1436 expressit.
1055 1344 1103 1412 Ex
1126 1365 1183 1432 pe-

116 1444 298 1513 destribus
326 1450 520 1535 saepissime
540 1450 688 1515 Sallustii
715 1472 837 1518 memor
862 1449 937 1518 luit.
985 1449 1075 1513 Liuii
1094 1467 1182 1514 cum-

117 1547 302 1632 psratione
323 1549 442 1616 ductus
465 1551 632 1619 Trillerus
660 1555 789 1639 egregie
816 1553 1000 1620 emendavit
1020 1549 1112 1618 Hist.
1134 1547 1182 1629 11,

117 1650 184 1718 8⁰.
234 1649 331 1717 Circa
363 1652 459 1719 finem
493 1657 673 1741 Agricolae
707 1677 968 1743 unumquemque
1004 1651 1181 1737 legentium

120 1749 318 1818 meminisse
349 1756 455 1822 voluit
490 1757 744 1846 pulcherrimum
775 1759 929 1822 ciceronis
967 1754 1007 1821 de
1049 1763 1181 1820 oratore
1308 1789 1310 1795 v

119 1853 257 1934 locum3
283 1855 420 1922 Senecae
442 1855 564 1948 dictum
589 1859 722 1947 aliquod
744 1847 949 1925 immutatum
973 1856 1125 1944 repeliil,
1152 1857 1183 1922 ei

119 1975 206 2020 vere
230 1958 398 2024 emendavi
419 1961 506 2048 Agr.
551 1967 581 2032 ².
630 1963 738 2031 Elium
766 1982 839 2028 cum
861 1956 1076 2046 Thucydide,
1104 1955 1182 2024 Ple·

121 2065 225 2141 tune,
252 2057 474 2162 Demosthene
501 2086 539 2130 eo
576 2087 649 2133 erre
677 2065 835 2155 quaedam
865 2061 899 2124 in
927 2069 1081 2148 promptu
1103 2061 1182 2136 init,

123 2169 165 2225 et
208 2159 376 2230 Homerici
422 2189 536 2234 versus
582 2175 803 2254 agnoscuntur
844 2163 936 2232 Hisl.
971 2161 1005 2243 l,
1045 2164 1102 2234 8⁰.
1148 2169 1183 2228 el

122 2263 216 2346 Agr.
242 2265 295 2332 34.
1029 2259 1040 2282 ’

227 2363 273 2430 us
298 2367 456 2435 hactenus
484 2371 616 2458 quidem
645 2372 687 2438 de
715 2357 864 2436 sermone
886 2366 1010 2434 Taciti.
1053 2362 1183 2451 Quodsi

124 2461 250 2528 librum
275 2471 494 2556 potiusquam
516 2471 880 2541 commentationemde
894 2469 1014 2536 Tacito
1038 2467 1183 2533 scrihere

125 2569 369 2655 suscepissem,
408 2577 503 2642 multi
535 2576 825 2644 adhaerescerent
851 2574 917 2640 loci
948 2571 988 2636 ad
1018 2590 1183 2654 exponen·
1304 2635 1305 2639 ,

125 2665 228 2748 dum,
255 2669 296 2736 ds
318 2675 448 2759 iugenio
473 2678 647 2768 scriptoris
669 2688 704 2744 et
729 2677 810 2765 quid
836 2675 876 2741 de
902 2676 1001 2740 rebus
1030 2669 1183 2738 civilibus

126 2787 168 2832 ac
197 2767 317 2838 divinis
355 2796 547 2860 persuasum
583 2779 753 2856 habuerit,
789 2779 829 2846 de
859 2778 1007 2844 doctrine
1037 2770 1181 2838 ciusdem

126 2877 164 2936 el
185 2870 248 2937 lide
271 2885 305 2940 et
325 2886 407 2946 arie.
457 2879 554 2946 Nunc
584 2891 692 2947 autem
716 2882 868 2968 quonism
892 2880 975 2945 nihil
1003 2875 1069 2942 uisi
1089 2896 1184 2964 prae-
1303 2903 1305 2917 ·

127 2971 281 3056 landum,
311 3000 386 3044 sero
416 3003 513 3062 sans,
540 2983 676 3050 editioni
705 2993 836 3050 nostrae
864 2991 953 3060 erat,
983 2982 1060 3046 illas
1085 2999 1184 3066 quae-

129 3077 264 3142 sliunss'
285 3085 405 3170 partim
436 3085 529 3151 brevi
557 3086 775 3165 absolvimus,
809 3085 929 3172 partim
965 3102 1104 3171 prorsus
1133 3101 1185 3146 re·

130 3176 307 3265 liquimus,
338 3207 395 3250 eas
426 3187 620 3274 praesertim
643 3209 728 3274 quse
757 3187 881 3253 rectius
908 3187 1006 3276 plane
1028 3183 1186 3250 omittun-

130 3288 187 3345 tur
205 3303 302 3370 quum
324 3285 469 3354 breviter
490 3289 628 3376 ideoque
651 3292 768 3356 leviter
790 3298 985 3358 lrsctanlur.
1027 3287 1082 3353 Ac
1103 3283 1185 3350 telie

131 3387 338 3470 requirentes
372 3391 555 3456 consultius
591 3393 658 3458 fuit
692 3391 734 3458 ad
770 3395 848 3460 illos
884 3391 990 3458 libros
1026 3389 1186 3474 relegere,

131 3485 271 3570 quibus,
297 3512 359 3556 non
391 3494 505 3580 paucis
534 3495 603 3560 illis
631 3497 758 3576 hercle,
785 3492 1012 3561 excellentium
1040 3489 1187 3576 ingeniu-

92 3615 94 3618 ·
132 3605 205 3652 rum
234 3611 351 3659 sensus
380 3595 553 3662 subtiliter
578 3608 612 3662 et
639 3600 772 3686 copiose
798 3597 954 3686 explicati
987 3600 1076 3660 sunt.
1132 3591 1186 3658 De

132 3707 281 3757 sermone
316 3706 425 3762 autem
464 3696 539 3764 ideo
570 3701 668 3784 paulo
702 3702 809 3768 insius
846 3697 1106 3787 disputavimus,
1150 3699 1188 3758 ut

133 3801 283 3862 nolarum
314 3808 499 3866 nostrarum
529 3802 699 3868 raritatem
728 3811 763 3868 et
792 3802 986 3868 brevitatem
1017 3797 1188 3886 supplere·

134 3915 226 3979 mus,
263 3898 363 3968 simul
393 3909 449 3980 ut,
483 3903 514 3968 si
541 3903 621 3989 quid
650 3903 807 3970 audacius
836 3904 887 3970 vol
918 3899 1108 3990 exposuisse
1136 3895 1188 3964 vel

132 3996 355 4094 emendavisse
377 4001 581 4086 videremur,
612 4005 646 4074 id
670 4006 919 4087 defenderetur,
946 4025 1018 4072 eum
1040 4000 1190 4088 dispersu
