2846 4794
259 270 338 358 'avo
598 274 1006 354 ursroaroauor

222 408 464 534 aviniensium
514 457 593 550 quin
621 465 656 529 et
682 453 787 523 diruit
815 455 933 524 molem
963 446 1118 519 aliruso
1137 449 1349 520 Germanico

270 563 412 643 iactam,
447 556 663 648 libertumque
691 581 794 650 prono
823 560 916 626 alveo
945 558 980 624 in
1011 553 1155 622 Galliam
1184 561 1348 623 ruentem

270 663 423 740 disiectis
454 687 538 754 quaa
574 663 788 730 morabantur
818 659 948 729 effudit.
1011 658 1060 726 sic
1090 659 1182 724 velut
1218 657 1348 725 abacto

271 786 385 849 amna,
414 770 522 838 tennis
546 767 658 850 alvens
685 765 827 830 insulam
850 763 938 830 inter
960 761 1209 848 Germanosque
1232 762 1348 828 conti·

270 870 416 941 coctave
441 873 603 938 terrarum
627 867 769 955 speciem
791 865 927 934 iecerat.
959 865 1161 934 'Transiere
1184 863 1347 930 Rhenum

269 969 382 1040 Tutor
403 993 535 1060 quoque
557 981 591 1040 et
613 964 785 1040 Classicus
808 955 844 1034 et
867 976 996 1035 centurn
1026 965 1184 1034 tredecim
1207 965 1346 1034 'l’reve-

268 1094 380 1142 rorum
419 1081 609 1158 senatorem
659 1072 694 1140 in
732 1071 807 1160 quis
849 1071 914 1138 init
947 1071 1110 1159 Alpinius
1143 1069 1345 1150 Montanus,

267 1197 366 1263 quem
401 1197 420 1242 a
450 1170 563 1244 Primo
593 1173 741 1244 Antonio
776 1173 913 1242 missum
951 1179 985 1242 in
1017 1173 1147 1242 Gallias
1178 1175 1345 1264 superius

268 1278 532 1348 memoravimus.
581 1277 803 1347 comitabatur
825 1299 899 1344 oum
921 1277 1027 1349 irater
1048 1275 1208 1344 Decimus
1232 1272 1345 1362 Alpi-

268 1383 356 1450 nius.
410 1381 521 1456 Simul
544 1381 646 1450 ceteri
668 1379 879 1450 minoratione
902 1404 939 1448 ac
962 1379 1059 1448 donis
1080 1379 1202 1444 auxilio
1224 1379 1343 1444 conoi-

266 1485 348 1552 bent
369 1484 459 1554 inter
480 1491 595 1570 gentes
617 1484 838 1572 periculorum
862 1481 989 1550 avidae.
1031 1485 1088 1552 20.
1117 1479 1342 1568 Tantumque

266 1585 348 1654 belli
368 1587 551 1676 superfuit,
579 1592 618 1652 ut
641 1585 807 1672 praesidia
827 1585 1032 1666 cohortium,
1054 1585 1199 1664 alarum,
1227 1583 1341 1669 legio-

265 1704 341 1758 nu'nr
366 1711 432 1758 une
464 1689 518 1756 dio
540 1687 658 1758 Givilis
682 1687 927 1778 quadripartito
954 1687 1132 1770 invaserit,
1161 1685 1339 1754 decumam

264 1795 427 1878 legionem
452 1791 618 1872 Arenaci,
654 1791 831 1858 secundam
863 1787 1086 1870 Batavoduri,
1118 1799 1154 1858 et
1186 1789 1337 1858 Grinnes

265 1891 462 1980 Vestamque
481 1894 666 1962 cobortiurn
689 1896 883 1982 alarumque
910 1903 1040 1974 castra,
1067 1893 1115 1958 ita
1137 1891 1257 1959 divisis
1278 1916 1337 1958 co-

264 1995 352 2086 piis,
372 2002 422 2062 -ut
449 1995 522 2084 ipse
550 2003 585 2064 at
607 1993 720 2062 Verax
748 2019 863 2082 sorore
886 1998 958 2064 eius
986 1995 1117 2084 genitus
1141 1993 1336 2092 Classicus-

264 2119 332 2187 que
368 2119 406 2164 ac
437 2097 548 2166 'l'ator
580 2119 673 2166 auen
711 2100 852 2188 quiaque
886 2121 1014 2166 monum
1048 2099 1236 2180 tmberent,
1271 2121 1335 2164 neo

264 2201 375 2268 omnia
396 2201 550 2290 patrandi
572 2201 710 2282 fiducia,
734 2201 793 2270 aed
818 2203 922 2268 multo
944 2203 1035 2270 ausis
1059 2189 1170 2289 aliqua
1194 2201 1228 2268 in
1252 2223 1334 2290 par·

263 2313 298 2371 te
325 2305 492 2375 fortunam
522 2303 644 2372 affore:
679 2305 779 2370 simul
807 2303 970 2374 Cerialem
1005 2326 1111 2392 neque
1141 2304 1225 2370 satis
1251 2326 1334 2369 oau-

262 2417 333 2476 tum
355 2414 390 2476 et
411 2407 564 2495 pluribus
588 2407 714 2474 nuntiis
736 2406 799 2472 buo
821 2407 903 2474 illuc
925 2417 1113 2477 cursantem
1136 2429 1235 2498 posse
1263 2429 1333 2474 ma-

262 2507 319 2578 dio
339 2508 504 2598 intercipi.
553 2509 685 2598 Quibus
707 2508 908 2576 obvenerant
929 2517 1041 2576 castra
1061 2505 1331 2592 decumanorum,

261 2614 536 2702 oppugnationem
561 2612 703 2698 legionis
724 2609 860 2678 arduam
889 2611 957 2676 rati
986 2631 1156 2698 egressum
1185 2611 1329 2680 militem

261 2723 296 2780 et
316 2713 492 2782 caedendis
516 2713 663 2780 materiis
682 2719 860 2800 operatura
878 2713 1070 2797 turbavere,
1094 2715 1206 2782 ‘oooieo
1229 2737 1328 2805 prae-

260 2817 350 2884 iaoto
384 2825 571 2884 castrorum
610 2823 645 2881 at
679 2815 825 2902 quinque
859 2815 1061 2904 primoribus
1097 2818 1327 2886 centurionum

260 2919 441 3007 paucisque
470 2919 649 2990 militibus:
683 2917 787 2984 ceteri
823 2939 860 2984 se
889 2919 1105 3004 'munimentis
1136 2917 1326 2996 detondere.

260 3027 296 3086 et
316 3020 449 3086 iuterim
469 3020 706 3090 Germanorum
731 3041 846 3086 monus
865 3017 1072 3090 Batavoduri
1094 3043 1249 3112 rumpere
1273 3025 1326 3092 in-

200 3111 203 3118 ’
258 3119 411 3188 oleatum
434 3129 565 3210 pontem
591 3121 792 3190 nitebantur.
847 3123 1037 3210 ambiguum
1067 3125 1230 3216 praelium
1260 3149 1324 3194 nox

258 3219 405 3292 diremit.
452 3225 506 3292 21.
536 3221 619 3292 Plus
648 3223 851 3292 discriminis
879 3224 968 3310 apud
1000 3226 1143 3296 Grinnes
1173 3225 1322 3316 Vadam·

257 3343 335 3410 qna.
385 3323 516 3390 Vadam
546 3324 683 3407 Civilia,
708 3327 850 3394 Grinnes
877 3323 1049 3396 Classicus
1074 3330 1323 3419 oppugnabant.

257 3445 318 3492 neo
339 3425 417 3494 niati
440 3435 595 3517 poterant
615 3427 789 3496 interfecto
810 3429 995 3500 fortissimo
1015 3453 1166 3522 quonum
1188 3433 1321 3522 inquis

1242 3535 1321 3604 Bri·

324 3649 416 3702 (1.10.
448 3662 505 3700 uno
519 3617 568 3701 irre
585 3649 645 3700 edd.
662 3661 678 3698 e
695 3651 752 3708 its.
768 3651 836 3714 Agr.
852 3653 890 3702 At
906 3655 963 3706 ota.
981 3653 1079 3706 nocam.
1121 3655 1225 3706 similis
1242 3668 1320 3708 roen-

204 3765 212 3772 ’
291 3719 415 3840 dauttlll
430 3733 462 3839 ie
475 3719 658 3838 lrlbnbneatte
675 3784 736 3835 edd.
753 3795 789 3836 cx
804 3786 838 3836 lt.
860 3789 891 3838 ut
909 3790 980 3840 Amr.
998 3791 1077 3856 xlv,
1097 3795 1140 3844 31.
1156 3791 1318 3846 Μαηέηιιιι-

290 3856 328 3906 tts
345 3857 480 3923 desanaus
497 3855 549 3906 eat.
584 3857 621 3907 nt
638 3857 693 3906 lte.
713 3853 819 3906 esteris
836 3855 995 3909 ammosa.
1022 3897 1027 3914 ,

305 3951 545 4014 memorantmos]
566 3953 628 4003 vlo.
647 3953 700 4014 111,
721 3951 763 4002 ³5.
808 3963 916 4016 nonan,
933 3965 1003 4020 quoe
1019 3965 1084 4017 pars
1100 3957 1143 4007 est
1155 3957 1317 4008 Galliarum.

211 4043 215 4058 ι
258 4017 307 4081 lV,
318 4019 360 4069 aa.
379 4021 423 4069 ubl
438 4025 528 4072 tamen
540 4021 641 4070 mlnsua
653 4017 765 4071 nuer-
857 4019 944 4074 G-²o.'
955 4025 1130 4086 Armenta]
1146 4025 1319 4080 tiodiem-

255 4085 765 4153 montnndtoltumuenpeinelsrho·
806 4087 888 4140 beina
