2854 4798
414 293 516 368 urb.
540 295 569 366 l.
603 293 726 367 CAP.
749 297 905 366 stt-ta.
1156 299 1202 364 43

121 491 260 537 aureum
282 469 317 537 in
340 471 639 542 conviviocloudii
658 474 813 552 iuratus3
834 478 869 536 et
882 469 1047 540 Claudius
1064 479 1252 561 posternae.

124 575 180 640 clio
204 576 269 641 soli
289 577 433 642 omniurn
456 575 561 644 Vinio
582 579 746 645 liotilibue
770 575 956 642 ministrari
979 575 1092 644 iussit.
1140 577 1202 643 eod

123 677 249 747 Vinius
269 684 507 770 proconsulatu
531 681 677 748 Galliam
700 681 953 748 Narbonensem
977 701 1092 748 severa
1114 679 1202 745 into-
1314 681 1315 684 ’

123 805 250 872 greque
279 786 384 868 rexit,
423 809 499 854 mox
522 786 651 854 Galbae
679 789 826 854 amicitia
855 789 892 854 in
920 789 1101 874 abruptum
1129 793 1201 851 tra·

123 897 220 969 ctusg
239 889 367 966 audax,
392 891 556 970 callidus,
577 903 755 980 proruptus
777 903 828 973 ct,
858 903 961 978 prout
982 891 1128 957 anianum
1149 889 1202 954 in·

123 993 301 1074 audisset,
322 1016 448 1083 prauus
471 1003 529 1062 aut
550 997 750 1080 industrius,
774 994 890 1062 andern
914 997 958 1064 vi.
1002 993 1202 1060 Testamen-

122 1103 194 1162 tunr
217 1095 293 1163 Titi
313 1097 408 1165 Vinii
437 1099 664 1185 magnitudine
685 1123 784 1189 opuno
806 1101 958 1182 irritum
988 1095 1123 1165 Pisonis
1145 1118 1201 1163 su-

123 1218 272 1289 premam
303 1205 508 1270 voluntatem
542 1213 726 1296 paupertas
760 1205 918 1272 firmauit.
979 1205 1035 1270 ta
1072 1200 1201 1268 Galbae

123 1327 246 1394 corpus
270 1306 329 1373 (liu
358 1308 544 1392 neglectum
575 1319 610 1375 et
637 1309 773 1375 licentia
801 1307 1015 1373 tenebrarum
1043 1307 1201 1395 plurimis

122 1397 282 1479 ludibriis
301 1419 456 1480 vexatum
479 1409 693 1501 dispensator
714 1413 864 1498 Argius,
892 1433 912 1477 a
934 1411 1106 1498 prioribus
1128 1431 1201 1476 sar-

123 1515 195 1595 vis,
229 1515 346 1582 bumili
372 1517 546 1605 sepultura
568 1517 603 1582 in
630 1517 772 1606 privatis
800 1517 873 1582 eius
902 1517 1011 1582 bortis
1040 1514 1201 1584 contexit.

121 1627 225 1707 caput
247 1640 309 1708 per
331 1621 418 1686 lixas
443 1621 644 1708 calonesque
666 1621 828 1687 sulliacum
850 1623 1102 1710 laceratumque
1123 1628 1201 1686 aute

119 1719 278 1790 Patrobii
299 1727 464 1791 tumulum
486 1726 653 1812 (libertus
674 1725 706 1790 ia
720 1723 870 1790 Neronis
892 1725 1032 1814 punitus
1055 1723 1201 1792 aGalba

119 1828 255 1914 luerat)
284 1839 420 1917 postera
450 1830 581 1896 demum
613 1829 667 1896 (lie
696 1837 868 1918 repertum
898 1837 943 1895 et·
960 1835 1107 1894 cremato
1132 1827 1201 1893 iarn

120 1935 255 2023 corpori
275 1933 461 2000 admixtum
478 1943 543 2001 eet.
577 1933 678 2001 Hunc
695 1936 819 2000 exitum
835 1933 952 1998 babuit
965 1932 1104 2000 Servius
1118 1931 1202 2000 Gal-

120 2037 182 2118 bo,
218 2037 329 2102 tribus
352 2048 386 2104 ct
408 2041 623 2128 septuaginta
648 2039 743 2105 anuis
763 2037 909 2126 quinque
930 2037 1098 2126 principos
1120 2059 1202 2124 pro·

121 2163 221 2232 spera
243 2143 378 2210 fortuna
401 2163 556 2210 emensus
582 2150 617 2208 et
642 2143 752 2208 alieno
774 2141 915 2230 imperio
945 2140 1078 2206 felicior
1099 2161 1199 2228 quarn

121 2267 197 2317 suo.
240 2255 337 2312 vetus
360 2247 396 2312 in
418 2248 545 2312 lumilia
568 2245 741 2326 nobilitas,
762 2263 900 2329 magnae
917 2263 1017 2331 opes:
1039 2245 1109 2333 ipsi
1131 2265 1201 2310 πιο-

123 2347 216 2414 diurn
238 2349 422 2434 ingenium,
445 2353 552 2436 tnagis
574 2355 669 2415 extra
686 2348 771 2416 vitia
789 2367 886 2436 qnam
911 2361 985 2414 culn
1008 2349 1202 2418 virtutibus.

123 2453 233 2518 ianuae
261 2473 321 2518 nec
350 2454 540 2546 incuriosus
567 2475 627 2520 nec
650 2452 858 2534 venditator3
889 2453 1050 2540 pecuniae
1072 2449 1201 2519 alienae

123 2577 191 2621 non
211 2563 387 2645 appetens,
407 2579 490 2623 suae
511 2579 653 2647 pareus,
673 2557 828 2644 publicae
851 2577 988 2638 ararus3
1018 2558 1199 2623 amicorum

122 2659 408 2748 libertorumque,
437 2661 495 2726 ubi
516 2663 551 2726 in
572 2659 678 2726 bonos
707 2659 902 2741 incidisset,
929 2661 1003 2726 sino
1022 2661 1202 2748 reproban-

121 2763 218 2830 siona
241 2765 384 2850 patiens,
406 2764 436 2829 si
456 2765 536 2830 mali
558 2764 680 2845 forent,
700 2785 808 2852 usque
832 2762 876 2829 ad
895 2765 1027 2854 culpam
1051 2765 1202 2851 ignarus,

120 2865 186 2932 aed
207 2867 347 2934 claritas
370 2867 531 2934 natalium
553 2877 590 2934 et
618 2877 728 2936 metus
752 2877 941 2959 temporum
965 2868 1138 2949 obtentui,
1160 2879 1201 2936 ut

188 3061 309 3113 coniaco
327 3063 387 3113 edu.
405 3024 449 3114 At*
462 3065 517 3113 Ma
536 3062 657 3113 calidus.

189 3157 277 3213 ete.
311 3163 430 3214 licentia
449 3163 655 3220 tenebrarum]
678 3162 755 3211 flacc
772 3165 860 3212 verbe
885 3174 937 3214 sno
961 3163 1025 3213 loco
1042 3163 1119 3212 nnete
1136 3175 1201 3214 erse

154 3231 294 3281 intellexit
312 3233 438 3283 lacobus.
473 3231 506 3283 ln
523 3235 603 3282 tenta
619 3231 693 3280 euim
705 3232 811 3282 Galbee
829 3231 937 3284 invidis
952 3232 1043 3285 noetis
1057 3233 1202 3283 velamen-

154 3304 184 3350 to
198 3313 253 3352 non
267 3301 304 3350 iis
318 3303 365 3366 qui
382 3313 489 3352 vexare
504 3301 610 3351 Galbae
628 3303 893 3364 corpusculum,
911 3303 961 3353 sed
979 3302 1038 3352 illie
1051 3314 1121 3364 opus
1136 3316 1202 3353 esec

155 3371 302 3421 videbatur
335 3370 381 3434 qul
410 3375 560 3435 contegere
585 3376 615 3421 et
638 3371 768 3434 sepelire.
825 3372 897 3421 Plut.
925 3373 1006 3423 Gelb.
1031 3372 1074 3422 28.
1107 3365 1201 3440 tropo

156 3431 186 3489 aii
203 3435 300 3494 roccio
316 3434 438 3508 Ἀργεῖος
459 3434 650 3504 inculcem.
683 3441 761 3505 Ergo
771 3441 973 3504 ¹corrigentium
987 3440 1112 3490 violetur:
1130 3439 1201 3492 Gat-

155 3507 206 3559 boe
223 3521 329 3572 corpus
345 3511 396 3560 dtu
412 3511 573 3573 septantam
586 3512 615 3560 et
631 3511 766 3574 plurimas
781 3511 913 3561 turbato
925 3511 1067 3565 acuatum
1082 3509 1202 3563 manto

157 3577 344 3628 tenebrarum
360 3577 544 3640 uapemaror
560 3577 668 3645 Arpina
686 3612 695 3631 .
713 3615 721 3631 .
739 3613 747 3630 .
764 3580 904 3632 contem.

173 3723 256 3780 (3.49.
270 3729 440 3793 aptioribus
453 3729 562 3790 cerate]
571 3731 638 3792 Qui—
682 3733 861 3784 retardabat.
880 3733 1058 3785 contrarium
1072 3735 1118 3782 est
1129 3745 1202 3798 por·

121 3799 173 3846 tous
195 3799 319 3849 deminus
339 3799 428 3848 Galba
453 3801 547 3848 ruerat
573 3803 638 3851 onte
682 3803 770 3854 tanao
783 3805 831 3852 vel
844 3802 1013 3856 obstinatus.

120 3867 281 3934 imperium,
300 3869 389 3919 odbuc
402 3869 539 3932 privatus.
557 3869 638 3922 anu·
734 3873 875 3932 wtcntct]
894 3875 941 3923 Sic
954 3874 1014 3922 edel.
1028 3883 1062 3918 ex
1077 3871 1159 3936 uun,
1174 3873 1201 3920 Ιι.

117 3949 185 3994 'tlu-
682 3957 706 3991 s.
720 3942 868 3993 Mediocris
881 3944 989 4006 quidem
1008 3940 1119 4003 ingenio
1138 3943 1203 3990 erat

170 4005 307 4070 pacans]
331 4005 402 4057 Plin-
423 4009 474 4071 up.
490 4009 540 4076 Vl,
552 4011 596 4074 bt,
611 4011 636 4063 5.
682 4013 782 4078 Galba,
801 4013 851 4062 sed
865 4015 1011 4063 velabatur
1021 4011 1082 4059 eius
1096 4010 1202 4060 melio-

119 4076 265 4127 Morltsm
278 4091 335 4128 non
349 4078 412 4127 cicc
424 4081 521 4144 attonsa
533 4092 638 4144 repre·
682 4084 770 4134 critas
784 4083 963 4144 temporibus.
982 4079 1051 4132 curu
1065 4080 1138 4129 enirn
1152 4080 1203 4128 sub

116 4146 255 4200 lenam
265 4149 424 4212 pottcnttrc
435 4161 520 4202 curor
531 4153 637 4205 coorto
681 4153 794 4204 Nerone
806 4155 926 4205 claritas
937 4151 1088 4215 naculum,
1112 4150 1139 4200 st
1153 4161 1202 4200 cc-
