2786 4798
518 291 635 363 GAP.
662 297 718 360 36.
1089 292 1153 358 lto

84 475 184 535 terat.
227 469 282 535 36.
304 465 421 551 Magoa
441 467 641 553 eloquentia,
665 465 913 542 sioutflamtua,
935 463 1072 530 m'o'tsrie
1089 461 1150 528 eii·

83 581 141 634 tur
168 577 203 634 et
230 569 372 635 mutibus
396 569 561 634 exeitatur
592 577 626 632 et
652 567 777 633 urendo
806 571 972 632 clarescit.
1023 563 1146 630 Eadem
1275 647 1284 658 ι

84 674 172 738 ratio
194 674 225 738 in
248 683 360 738 uestra
383 690 514 758 qnoque
536 672 669 736 civitate
692 663 900 756 antiquorum
925 667 1145 756 eloquentium

81 777 245 864 provexit.
294 795 368 840 uam
394 775 457 838 etsi
489 772 605 837 horum
628 793 758 860 quoqne
782 781 1147 860 temperumerstooee

83 901 121 942 ea
145 880 312 942 eouseeuti
342 885 438 954 suat,
469 895 556 962 quse
575 877 757 962 composita
789 885 823 940 et
852 877 1031 961 qasietaet'
1050 877 1145 939 heuto

71 1001 120 1044 ‘re
142 979 273 1066 publiea
297 981 399 1066 tribui
423 981 587 1058 isserat,
622 988 729 1042 tameo
753 979 811 1042 ille
834 977 1084 1064 perturbatione
1108 997 1146 1042 oo

82 1083 216 1147 lieentia
230 1085 325 1169 plura
350 1083 415 1147 sibi
439 1083 571 1168 assequi
588 1081 794 1158 uidebantur,
818 1101 891 1143 eum
914 1081 1026 1145 mixtis
1042 1082 1146 1143 omoi-

83 1185 146 1248 true
167 1194 200 1250 et
223 1184 433 1250 moderatore
452 1205 516 1249 sano
541 1184 730 1248 oaroetibus
758 1189 886 1247 tautum
908 1183 1050 1270 quisque
1072 1203 1145 1248 ora-

83 1296 142 1351 tor
173 1295 323 1373 superet,
361 1297 517 1375 quantum
548 1287 674 1353 erranti
711 1287 834 1376 populu
863 1284 1056 1372 persuaderi
1088 1305 1146 1371 po·

82 1395 182 1456 teret.
231 1385 318 1454 Hine
336 1391 436 1474 'leges
464 1387 617 1457 eesiduoe
645 1395 681 1454 et
708 1389 868 1476 populere
901 1407 1035 1469 nomes,
1070 1387 1146 1452 trino

83 1491 256 1556 conciones
278 1497 528 1575 magistratuum
553 1513 656 1580 poene
672 1491 932 1578 pernoctantium
958 1489 990 1554 in
1014 1491 1145 1572 rostris,

82 1595 158 1658 tsine
179 1595 406 1682 ueousatioaes
430 1595 611 1681 potentium
634 1615 766 1658 reorum
788 1591 1023 1676 etsseiguatae
1042 1594 1143 1658 etiem

82 1694 235 1762 domibus
257 1695 459 1792 inimicitiae,
481 1695 554 1760 hino
576 1715 748 1786 procerum
770 1695 931 1760 fsotioues
950 1701 985 1758 et
1008 1693 1142 1762 assidue

83 1807 219 1865 senatus
243 1799 403 1865 adversus
430 1799 557 1894 piebem
582 1799 772 1865 certamina.
822 1818 906 1884 quae
926 1795 1056 1879 siognle
1079 1801 1145 1862 etei

83 1892 322 1967 distrahebant*
340 1921 408 1966 rom
442 1900 624 1990 publicam,
651 1900 848 1983 exercebunt
869 1909 976 1964 tamon
1009 1899 1143 1966 illerum

82 2015 266 2092 temporum
304 2005 524 2090 eloquentium
555 2011 590 2068 et
626 2003 753 2086 mugnis
784 2003 966 2067 oumulere·
988 2001 1144 2088 praemiis

81 2105 296 2192 ridebantur,
323 2109 399 2193 quia
423 2119 545 2194 quiante
570 2107 712 2192 quisque
732 2105 807 2193 plue
837 2102 974 2170 dioeado
998 2113 1143 2190 poterat,

82 2216 176 2275 tante
206 2209 339 2275 iseilius
378 2205 518 2273 honores
553 2207 808 2294 assequebatur,
852 2215 944 2271 unte
975 2209 1080 2294 magis
1109 2208 1143 2272 iu

81 2312 164 2401 ipsis
185 2311 362 2378 honoribus
385 2303 529 2394 eultrgae
551 2331 630 2375 suos
652 2309 815 2388 anteibat,
838 2317 931 2374 teuto
954 2313 1032 2399 pius
1054 2311 1143 2400 apud
1203 2315 1212 2324 “

82 2416 249 2503 principes
272 2405 414 2499 gratiae,
445 2415 535 2500 ptus·
551 2412 761 2478 auctoritatis
790 2409 878 2498 opud
905 2425 1035 2498 patres,
1065 2417 1143 2500 ptus

83 2517 222 2581 notitiae
245 2539 282 2584 ao
306 2515 445 2580 nominis
470 2515 556 2601 apud
581 2514 708 2602 piebem
732 2513 882 2600 parabat.
930 2513 977 2580 Hi
1006 2515 1142 2582 cliente-

82 2619 127 2684 lis
155 2618 252 2682 etium
282 2629 467 2684 exterarum
497 2619 665 2684 nationum
694 2615 939 2696 redundebeot3
968 2618 1030 2682 tros
1059 2618 1141 2683 ituri

6 2779 8 2784 .
83 2721 117 2786 io
142 2721 326 2818 provincias
350 2722 565 2805 magistratus
588 2719 837 2800 reserebantur,
861 2712 921 2784 osis
943 2720 1069 2795 reversi
1087 2741 1141 2786 ee·

81 2825 212 2904 lebeut3
236 2823 295 2890 hos
318 2835 353 2888 et
372 2831 550 2911 praeturas
571 2833 605 2890 et
629 2823 822 2888 oonsulutus
845 2843 961 2888 rosere
983 2824 1070 2888 ultro
1094 2814 1142 2889 ii·

83 2925 264 3008 debantur3
301 2927 334 2991 hi
365 2945 404 2990 oe
433 2925 553 3012 privati
586 2923 716 3012 quidem
744 2925 815 2989 siue
845 2931 1010 3011 potestate
1036 2933 1142 3006 erant,
1241 2979 1250 2988 .

82 3050 155 3099 ounr
177 3035 212 3094 et
238 3029 392 3117 populum
417 3037 452 3092 et
472 3036 621 3092 senatum
643 3027 782 3092 oonsilio
810 3034 845 3092 et
866 3013 1065 3094 austeritate
1088 3049 1142 3094 re·

82 3139 208 3218 gerent.
270 3129 360 3217 Quin
390 3129 490 3193 immo
520 3127 585 3192 sihi
618 3127 684 3214 ipsi
713 3139 949 3218 persuaserunt
980 3133 1142 3199 nemiuem

82 3233 154 3300 siue
175 3233 362 3319 eloquentia
385 3237 443 3296 eut
465 3228 598 3314 assequi
623 3249 721 3315 posse
749 3231 782 3297 iu
803 3231 938 3300 uisitata
966 3241 1025 3300 aut
1053 3235 1143 3302 tueri

82 3335 293 3422 oeuspieuum
330 3343 364 3399 et
399 3333 592 3399 eminentem
630 3333 749 3402 laeum.
805 3357 865 3401 nee
897 3335 1033 3419 mirum,
1066 3341 1141 3403 euru

149 3551 182 3604 0.
199 3555 241 3602 oo.
276 3555 371 3603 tumeo
388 3553 450 3613 tlte]
478 3555 607 3616 sosptem
629 3567 689 3606 eom
713 3555 881 3608 ttutmeouo:
907 3559 1003 3609 tameo
1020 3557 1063 3609 uu
1078 3557 1140 3611 sott.

96 3621 241 3716 pentum,
259 3631 352 3682 oppos.
370 3621 472 3672 oerum
490 3627 648 3688 tenpus-uss
666 3625 837 3705 emtoribus.

148 3749 270 3812 perstet
287 3749 405 3810 lamias
440 3753 476 3800 st
494 3753 567 3802 MSS.
585 3751 726 3816 protum.

141 3913 170 3966 (t.
192 3916 234 3965 to.
280 3927 313 3968 eo
332 3919 475 3968 consecute·
498 3919 585 3978 suat]
683 3919 812 3982 saperet]
834 3917 867 3968 u.
883 3929 909 3968 e.
926 3928 1027 3979 supere
1044 3916 1142 3968 orete-

83 3981 485 4051 scu.praeaustoquent1as‚
503 3989 590 4037 horso·
632 3990 718 4037 retur.

84 4063 147 4114 res,
167 4065 248 4118 opes,
267 4055 399 4120 gratiam,
416 4056 573 4116 potentiam.
682 4053 867 4119 persuaderi]
882 4053 948 4102 Scit.
960 4063 1020 4102 euos
1034 4062 1144 4114 sapere.

9 4203 14 4213 ,
118 4166 485 4222 westmonasterium.
511 4172 539 4220 t.
560 4171 595 4224 u.
613 4172 642 4220 Ρ.
661 4173 694 4220 tl.
937 4165 979 4230 12
