2854 4798
220 223 286 292 112
537 215 956 290 lllS'l'OlllAllUlll

168 397 279 486 mqui
308 391 493 463 descivisse
519 417 539 461 e
568 393 712 465 Vitellio
741 395 923 462 exereitum
953 393 1206 462 mentirentur.
1260 391 1295 460 ie

218 521 335 570 rumor
357 499 399 566 ab
420 499 691 586 exploratoribus
711 496 847 566 Vitellii
876 499 1051 590 dispersus
1080 519 1122 564 au
1153 497 1188 562 iu
1215 495 1296 583 ipse

220 601 366 674 Otlreuis
395 610 492 691 perte
526 623 586 670 sen
615 600 693 668 dolo
723 623 784 668 sau
814 604 903 670 forte
929 605 1135 683 surrexerit,
1172 619 1293 688 perum

219 713 439 798 compertum.
483 703 620 771 Omissa
639 725 770 793 pugnae
790 705 911 774 ardore
927 707 1110 774 Othoniani
1130 705 1220 770 ultro
1235 721 1294 767 sa·

218 817 388 892 lutarere3
407 815 442 875 et
462 807 579 876 hostili
597 825 769 876 murmuro
790 813 939 901 excepti,
960 811 1131 901 planisque
1153 825 1292 874 suorum

217 913 346 1002 ignaris
369 931 455 998 ques
474 932 576 978 eausa
598 907 778 1003 salutandi,
801 923 925 980 metum
947 911 1292 1002 proditionisteosro.

217 1021 308 1088 Tum
329 1013 482 1084 inrubuit
502 1014 650 1083 toruum
674 1017 775 1099 aries,
796 1017 937 1103 integris
960 1015 1147 1096 ordinibus,
1167 1012 1292 1100 rpbore

217 1132 253 1192 et
273 1141 411 1189 numero
432 1120 675 1206 praestantior:
699 1120 895 1204 Othoniani,
918 1131 1106 1210 perquam
1128 1116 1291 1205 dispersi,

217 1226 411 1317 pauciores,
430 1221 530 1304 lessi,
552 1223 715 1312 praelium
739 1229 851 1290 tarusu
872 1227 996 1292 aeriter
1015 1241 1200 1316 sumpsere.
1241 1217 1290 1284 ut

216 1349 280 1417 per
292 1329 384 1394 loeus
406 1321 583 1392 arboribus
605 1347 643 1392 ao
657 1326 763 1393 vineis
784 1327 963 1415 impeditos
983 1347 1049 1395 uon
1069 1347 1135 1394 uua
1156 1335 1289 1411 pugnae

216 1431 337 1500 larisa:
357 1427 557 1509 oumruinus,
577 1429 725 1506 eminus,
745 1429 891 1498 catervis
912 1437 948 1498 et
971 1429 1087 1497 eunois
1110 1445 1289 1495 oouourre-

215 1535 310 1604 brut.
352 1529 392 1600 lu
413 1551 535 1616 aggere
559 1533 633 1598 riae
656 1533 780 1600 collato
801 1531 908 1620 gradu
932 1535 1129 1622 corporibus
1150 1537 1187 1596 et
1214 1549 1289 1594 urn-

215 1635 359 1706 bouibue
379 1632 461 1718 uiti,
483 1633 609 1702 omisso
628 1635 773 1724 pilorum
796 1637 888 1703 iaetu
909 1637 1032 1722 gladiis
1055 1643 1090 1704 et
1109 1631 1287 1702 saouribus

215 1745 331 1830 galeas
352 1737 542 1824 loricasque
557 1757 796 1826 perrumpere:
818 1749 993 1809 nososutos
1013 1742 1104 1808 iuter
1122 1760 1177 1818 se,
1195 1741 1287 1802 esta·

214 1845 300 1914 teris
320 1839 508 1930 uunepieui,
535 1843 570 1907 iu
591 1849 743 1909 eventum
764 1844 870 1910 totius
893 1845 976 1911 belli
996 1843 1179 1910 certabunt.
1226 1837 1285 1906 ⁴3.

213 1947 320 2017 Forte
348 1945 438 2011 inter
459 1939 589 2010 Pedum
611 1945 764 2033 uiamque
791 1949 918 2035 patenti
939 1969 1055 2036 eampo
1076 1945 1160 2014 duae
1179 1944 1286 2028 legio·

215 2073 275 2119 nes
302 2067 502 2133 ooumseae
530 2055 627 2130 sunt3
657 2071 719 2137 pro
744 2048 888 2118 Vitellio
918 2049 1194 2127 unoetvicesimo,
1228 2043 1286 2112 oui

213 2171 393 2241 reguumen
413 2148 559 2239 Rupoei,
577 2159 690 2218 vetere
712 2154 819 2239 gloria
841 2155 1001 2240 insignis,
1023 2160 1158 2242 oporte
1175 2149 1285 2218 utto-

212 2256 267 2322 uis
296 2255 405 2345 prime
424 2253 608 2335 Adiutrix,
637 2275 701 2321 uon
733 2264 810 2322 aute
838 2257 873 2322 in
899 2258 1000 2324 aniam
1031 2255 1193 2336 deducta,
1222 2251 1283 2321 sed

211 2359 305 2426 ferox
326 2363 362 2423 et
382 2357 459 2425 novi
485 2355 618 2425 dosoris
638 2357 747 2429 avida.
797 2355 948 2426 Primani
969 2362 1087 2427 stratis
1111 2358 1284 2426 unetvice-

210 2461 413 2529 simonorum
433 2459 609 2550 principiis
630 2463 776 2550 aquilam
797 2461 985 2546 abstulera3
1006 2485 1073 2551 quo
1090 2461 1207 2529 dolore
1228 2479 1283 2526 ae-

211 2587 311 2634 oerrsa
332 2561 420 2648 legio
443 2569 479 2628 et
499 2563 635 2651 impulit
656 2587 776 2633 rursus
799 2567 986 2653 primanos,
1013 2567 1190 2634 interiecto
1214 2563 1283 2631 Or-

209 2667 470 2754 lidio'lleniguo
499 2671 629 2755 legato,
665 2679 701 2736 et
729 2671 875 2758 plurimu
902 2670 998 2756 sigua
1025 2669 1212 2758 vexilloque
1240 2689 1282 2734 ex

208 2773 363 2844 hostibus
390 2771 516 2860 rapuit,
564 2773 602 2840 A
628 2779 726 2864 porte
757 2775 823 2840 aliu
853 2775 1016 2864 propulsa
1045 2773 1281 2863 quintanorum

209 2881 337 2966 impetu
369 2877 470 2941 tertia
501 2873 640 2942 deeume
665 2879 772 2962 legio;
804 2876 1019 2944 eireumveuti
1045 2878 1194 2966 plurium
1225 2897 1281 2941 oe·

209 3001 311 3048 eursu
341 2976 647 3065 quartadecumani.
698 2977 745 3045 lit
775 2977 916 3045 duribus
941 2978 1087 3048 Othonis
1115 2981 1181 3047 iarn
1212 2979 1279 3067 pri«

208 3081 283 3149 dem
305 3079 476 3168 profugis,
505 3081 648 3150 Caenina
670 3103 709 3148 ee
730 3079 859 3148 Valens
881 3082 1045 3150 subsidiis
1066 3097 1146 3149 euos
1168 3083 1280 3149 firma·

206 3185 301 3254 baut.
351 3182 511 3251 Auerssit
547 3207 662 3252 reeens
694 3183 853 3251 auxilium
886 3183 1000 3252 Varus
1030 3185 1177 3254 Alienus
1205 3207 1278 3254 oum

205 3285 365 3368 Batauis,
390 3286 468 3353 lusa
489 3287 714 3375 gladiatorum
737 3307 855 3371 manu,
885 3309 983 3374 quam
1006 3289 1146 3356 navibus
1169 3297 1279 3356 trous-

206 3397 334 3458 veotem
350 3389 524 3479 oppositae
543 3392 698 3460 robertes
717 3387 753 3457 in
774 3389 850 3480 ipso
871 3392 1006 3460 flumine
1020 3393 1279 3563 trucidaverepp

273 3610 305 3666 G.
323 3609 368 3664 lt·
402 3611 506 3666 omno
522 3614 584 3666 add.
600 3615 639 3667 et
655 3615 710 3668 tle.
728 3611 839 3668 emtore·

256 3761 345 3817 uto.
361 3765 458 3830 prom
472 3767 626 3829 Adiutrtu]
639 3767 723 3819 cles-
766 3767 907 3819 Plutarch.
927 3764 990 3817 ott.
1010 3766 1053 3817 12.
1085 3759 1192 3821 πάντας
1218 3761 1279 3822 rods

205 3833 327 3886 uiuorum
347 3834 377 3885 in
390 3835 535 3901 lllrptnle.
567 3837 630 3892 vlu.
647 3837 723 3892 01⁶⁷·
764 3832 921 3907 προμάχους
942 3827 1161 3890 ἀποκτείναντες.

205 3904 251 3958 ⁸⁶·
270 3901 379 3970 ΠΨ·
820 3923 916 3972 Varus
941 3919 1083 3986 Alfenus]
1116 3919 1278 3970 Praefectus

254 3987 420 4052 mucoso]
441 3989 475 4040 ll.
489 4003 513 4042 e·
534 3989 632 4053 primis
645 3989 723 4041 ordi·
764 3992 921 4041 castrorum
933 3989 1063 4040 Valentis
1076 3991 1105 4041 et
1121 3991 1188 4041 teme
1200 3989 1277 4042 iussu

204 4053 304 4126 uibus,
325 4061 359 4118 ut
375 4057 440 4111 niv.
460 4057 504 4129 11,
525 4061 568 4114 ut.
598 4061 656 4128 ul,
676 4061 721 4112 22.
764 4057 1037 4112 ceeoiueerellotne.
