2854 4798
282 219 283 223 Ὺ
403 269 508 340 arn.
529 268 560 340 r.
604 263 903 348 careo-3⁷.
1152 269 1196 335 aa

119 448 255 514 Attione
279 449 494 534 epeoulator‚
518 448 691 510 ornentnm
715 439 862 526 gladium
885 447 1079 520 ostentans,
1101 440 1243 523 orei-oe.

117 573 186 616 eum
212 573 230 616 e
253 572 291 617 ee
315 549 482 616 Othonem
506 545 722 625 exolamavit3
752 550 788 610 ot
810 543 916 611 Galba
948 543 1194 624 „oommilitu“

116 654 241 742 inquit,
262 653 369 742 „quie
390 644 545 720 ineeit2“
568 647 693 734 ineigni
707 646 817 713 animo
832 647 875 712 ad
894 644 1108 714 ooeroendam
1133 646 1194 711 mi·

115 759 244 823 litarem
268 757 450 839 licentiam,
472 753 680 822 minantibus
697 749 899 838 intrepidus,
922 750 1084 818 adversus
1098 749 1193 818 blau·

116 860 244 928 dientes
266 861 497 948 incorruptus.

212 966 269 1032 36.
311 961 415 1030 Hanel
444 960 566 1028 dubiae
588 959 659 1024 iam
688 957 723 1022 in
744 953 867 1022 eoetrie
890 953 1031 1019 omnium
1055 961 1194 1034 mentes,

115 1071 294 1151 tentusque
319 1063 438 1144 ardor,
462 1075 586 1131 utnon
609 1059 759 1129 uertenti
782 1059 912 1144 agmine
935 1066 971 1123 et
993 1059 1193 1145 eorporibue

114 1167 148 1232 in
169 1175 352 1252 suggestu,
369 1169 404 1232 in
420 1188 487 1255 que
509 1169 610 1255 paulo
627 1173 705 1232 ente
725 1183 826 1228 eume
842 1159 972 1227 Galbae
986 1169 1100 1228 statua
1113 1157 1193 1242 'iue-

115 1277 186 1350 rot,
208 1269 353 1336 medium
377 1270 467 1338 inter
482 1271 578 1356 aigne
599 1267 766 1334 Othonem
783 1265 916 1332 vexillis
936 1263 1193 1335 circumdarent.

113 1395 171 1440 neo
193 1373 339 1441 triburie
362 1382 422 1440 eut
444 1370 696 1440 centurionibus
714 1365 858 1434 adeundi
881 1368 995 1434 loeus:
1017 1369 1192 1454 gregarius

115 1475 211 1543 miles
250 1475 361 1544 caveri
397 1476 536 1564 inauper
572 1473 784 1562 praepositos
821 1469 972 1539 iubebat.
1031 1471 1193 1560 Strepere

114 1588 232 1646 ounota
262 1579 466 1648 clamoribus
495 1585 530 1644 et
559 1577 708 1642 tumultu
739 1579 775 1638 ut
803 1573 1035 1640 exhortatione
1066 1587 1193 1659 mutua,

113 1705 178 1750 non
198 1691 356 1770 tanquam
378 1683 413 1749 in
434 1680 559 1772 populo
583 1701 621 1744 ee
643 1677 760 1766 plebe,
782 1678 886 1744 rariie
910 1681 1004 1763 segni
1027 1680 1193 1750 adulatio·

112 1807 153 1852 ne
168 1785 324 1867 renibus,
346 1784 407 1852 eod
425 1793 645 1872 utquomque
666 1781 873 1846 affluentium
893 1782 1035 1848 militum
1054 1808 1192 1876 aepore-

111 1897 207 1971 rent,
249 1909 406 1978 prensare
444 1887 615 1968 menibus,
656 1885 835 1972 eompleeti
866 1885 989 1968 ermie,
1025 1889 1192 1957 collocare

111 1989 223 2072 iuxta,
244 1992 377 2082 praeire
400 1997 663 2071 sacramentum,
695 1987 793 2054 modo
815 1988 1051 2076 imperatorem
1076 1994 1193 2062 militi-

111 2093 175 2160 bue
197 2092 294 2161 modo
316 2095 443 2160 militer
465 2093 663 2180 imperatori
685 2091 929 2164 commendere.
978 2091 1052 2163 Neo
1076 2095 1192 2166 deerat

112 2197 222 2279 Otho,
243 2195 446 2285 protendens
468 2217 586 2262 manue
608 2194 751 2261 adorare
773 2197 909 2282 volgus,
931 2195 1041 2264 iaeore
1062 2203 1190 2286 oeeule,

111 2309 148 2367 et
169 2303 279 2368 omnia
301 2302 472 2367 serviliter
493 2320 555 2387 pro
571 2297 807 2368 dominatione.
851 2297 1034 2388 Postquam
1058 2304 1191 2372 unirer-

111 2424 150 2469 ea
171 2403 387 2470 oleeeioorum
418 2405 506 2490 legio
537 2409 783 2470 eaoramentnm
811 2403 884 2470 eiue
908 2406 1056 2494 eoeepit,
1082 2405 1189 2475 fidene

109 2505 258 2586 viribus,
279 2511 314 2570 et
333 2528 419 2594 quoe
442 2507 548 2573 adhno
571 2507 724 2594 singulos
747 2507 1043 2591 exstimulaveret,
1074 2531 1191 2579 aeren-

110 2607 239 2675 elendoe
262 2609 296 2674 in
319 2630 492 2675 commune
512 2617 620 2692 retur,
641 2633 703 2700 pre
725 2611 813 2678 vallo
835 2619 1022 2678 nestrorum
1044 2612 1094 2680 ite
1116 2637 1191 2682 oee-

109 2713 174 2804 pit.
217 2715 272 2781 3⁷.
296 2709 412 2799 „Quia
429 2712 472 2778 ad
494 2733 553 2779 voe
573 2713 818 2798 proeaeeerim,
846 2715 1108 2799 commilitonee,
1138 2717 1190 2784 di-

108 2837 186 2883 oere
206 2836 271 2881 non
293 2835 450 2904 poenum,
477 2815 555 2903 quie
579 2837 638 2881 nee
660 2817 828 2903 privatum
861 2839 912 2882 me
937 2837 1056 2884 rorare
1085 2821 1190 2888 eneti-

107 2941 171 2987 neo
194 2920 386 3010 prinoepeo
407 2917 503 2986 vobie
525 2919 736 3000 nominatus,
756 2940 817 2986 neo
837 2920 1022 3009 prinoipem
1046 2923 1111 2990 alio
1127 2923 1190 2990 inr-

106 3031 259 3114 peraote.
289 3023 451 3089 Vestrum
474 3041 608 3111 quoque
629 3043 749 3088 nomen
770 3023 806 3089 in
830 3023 967 3090 incerto·
979 3025 1063 3108 erit,
1084 3025 1189 3094 donee

106 3127 339 3208 dubitabitur,
366 3127 604 3216 imperatorem
628 3127 747 3216 populi
772 3125 916 3192 Romani
944 3127 979 3193 in
1000 3125 1128 3196 reetrie‘
1146 3151 1190 3197 en

104 3233 239 3300 hostem
262 3229 427 3296 hebeetie.
457 3227 646 3309 auditione,
668 3237 707 3296 ut
724 3251 828 3318 poene
848 3251 921 3296 mee
933 3237 969 3295 et
985 3232 1187 3320 eupplioinm

105 3343 259 3404 restrum
282 3333 384 3400 eimul
406 3324 646 3423 poetulentur?
668 3329 752 3398 adeo
774 3331 987 3401 manifestum
1007 3342 1062 3402 eet
1082 3357 1189 3427 neque

175 3527 285 3648 Ἃρ
302 3535 441 3592 precem
466 3537 503 3575 ex
526 3525 582 3574 hta.
607 3519 665 3574 AG.
690 3524 722 3574 nt
739 3524 813 3575 Ann.
829 3523 908 3594 xlv,
924 3525 969 3579 70.
1003 3527 1071 3580 Edi.
1096 3545 1131 3584 ex
1155 3535 1186 3584 B.

139 3609 180 3662 pr
231 3611 249 3646 a
286 3632 294 3648 .

104 3751 152 3800 ine
166 3747 242 3798 intre
255 3746 325 3798 ssnee
338 3747 415 3796 tunm
428 3745 636 3796 habebitur-ee·
670 3744 755 3810 toruo
775 3749 834 3813 eet,
855 3745 1008 3800 Ascanium
1029 3751 1106 3818 furia
1124 3751 1186 3806 ur-

103 3819 243 3886 pulorum.
277 3815 369 3867 Deru.
670 3825 735 3864 cunr
757 3817 1088 3882 complantaremur,
1113 3825 1139 3874 h.
1162 3837 1187 3874 e.

669 3885 809 3952 brachiis,
829 3889 859 3935 ut
871 3888 978 3937 Lucan·
996 3887 1048 3958 lx,
1062 3889 1123 3942 829.
1136 3893 1186 3946 ln·

159 3953 194 4006 0.
208 3953 252 4004 tt.
286 3948 436 4014 complecti
455 3947 560 4010 orente]
584 3950 627 4000 ltx
670 3953 935 4018 vaditquemnum
948 3971 1033 4022 quom
1051 3963 1187 4025 protinus

102 4024 190 4088 virg.
206 4025 276 4073 Aen.
290 4020 356 4088 xli,
370 4015 432 4069 430.
473 4019 628 4084 Postquam
670 4021 719 4072 tlte
746 4025 855 4074 relecto
876 4037 943 4076 eure
963 4027 1039 4092 ferit
1066 4031 1186 4100 totoque

101 4092 209 4146 moun
236 4091 325 4143 lateri
347 4089 455 4153 clipeus
480 4089 628 4154 loricaque
670 4091 1014 4148 ermetemtttttatarmo.

136 4177 268 4246 Tacitae,
286 4175 330 4231 ert.
349 4173 531 4228 Duomrteio.
554 4173 704 4226 r.11.1³.1.
959 4195 982 4262 3
