2786 4798
234 245 299 317 ldt)
530 240 601 312 Dii
639 235 1011 314 onununluus

238 415 421 487 dicentium
453 415 575 502 gandia
607 422 643 484 at
663 415 896 505 imperitarum
924 433 1059 504 qaoque
1081 413 1191 482 coalia
1218 433 1333 502 eapo-

240 521 308 586 aita
337 539 537 608 percanaeca
573 521 634 588 illa
658 522 841 590 enormiora
864 527 900 587 ct
920 525 1050 586 tantum
1075 517 1162 606 ipaia
1184 516 1333 584 aranti·

240 623 305 692 hae
334 627 415 690 acta
440 625 565 690 maiora
596 633 690 695 anau
738 623 819 700 Sive
842 630 1031 691 accuratam
1054 619 1333 707 meditatamque

241 725 373 818 profert
403 727 609 810 oratiarum,
636 733 689 796 eat
713 726 881 817 quoddam
904 727 993 794 sicut
1014 725 1123 812 ipaiue
1146 725 1332 803 dictionis,
1371 785 1372 790 ,

241 834 291 900 ita
319 828 434 918 gaudii
460 831 591 918 pondua
621 841 656 898 ct
678 831 884 914 cunctantia,
914 834 1123 900 eive-novam
1145 835 1182 894 et
1205 849 1333 896 man·
1371 869 1372 920 f

241 943 308 1006 iem
331 955 446 1002 curam
470 957 534 1002 non
556 935 629 1002 aine
651 937 764 1024 aliqua
784 935 1009 1026 trepidatione
1030 933 1132 1000 animi
1151 933 1333 1012 attulerit,

241 1043 317 1132 ipae
341 1036 535 1120 collicitndo
557 1041 768 1108 commendat
789 1047 941 1110 eventurn
966 1045 1002 1106 et
1027 1037 1246 1105 lenocinatur
1271 1057 1333 1104 vu-
1371 1059 1372 1100 2

241 1144 380 1234 luptati.
423 1139 493 1210 Sed
513 1143 750 1230 extemporalia
771 1142 930 1212 audaciae
955 1149 1057 1230 atqua
1076 1138 1186 1230 ioniae
1216 1147 1332 1209 teme·

241 1248 359 1318 ritatia
389 1247 442 1312 vel
468 1245 646 1334 praecipua
675 1245 866 1314 incunditaa
899 1252 966 1314 eat.
1015 1267 1090 1312 naar
1118 1245 1154 1312 in
1181 1243 1331 1331 ingenia

243 1371 393 1440 quoque,
415 1349 504 1416 aicut
525 1349 560 1414 ia
581 1369 682 1434 agra,
708 1371 896 1440 quenquam
918 1349 986 1416 alie
1008 1347 1067 1415 diu
1085 1352 1250 1432 necantur
1275 1355 1330 1412 at-

243 1477 308 1544 que
331 1453 557 1532 elaberentur,
576 1453 726 1538 gratiora
740 1461 852 1522 tamea
864 1474 951 1542 qaae
965 1474 1026 1521 aua
1038 1450 1160 1542 opunte
1174 1473 1330 1518 nemun·

244 1567 314 1628 tur.
355 1563 389 1626 7.
411 1553 592 1642 Equidem,
619 1566 658 1624 ut
679 1554 721 1624 da
744 1575 796 1622 rne
815 1555 889 1646 ipae
903 1557 1035 1636 nfateur,
1055 1575 1121 1622 nnn
1134 1575 1213 1621 anm
1231 1555 1328 1622 'diem

243 1663 418 1732 laetiorem
443 1661 516 1742 egi,
547 1681 614 1746 qua
641 1659 722 1726 mihi
748 1659 840 1728 latua
860 1661 976 1726 clarae
999 1657 1134 1725 ablatae
1157 1667 1232 1740 eat,
1271 1660 1327 1726 vel

244 1787 311 1854 qua
334 1764 435 1830 inemo
456 1783 561 1830 noane
582 1771 618 1830 et
644 1763 838 1830 incivitate
862 1761 995 1828 minime
1015 1759 1193 1828 favorabili
1217 1769 1326 1828 natur

244 1874 460 1956 quaeaturarn
483 1874 542 1930 eut
562 1865 768 1934 tribunatum
779 1871 842 1932 uut
855 1872 1046 1952 praeturam
1064 1863 1196 1950 accepi,
1218 1885 1325 1951 quan

245 1993 303 2038 eoa
332 1971 455 2058 quibua
486 1967 564 2033 mihi
592 1991 653 2056 pro
676 1967 907 2040 mediocritate
930 1966 1029 2034 huiua
1051 1967 1323 2054 quantulaecun-

163 2107 166 2116 .
245 2094 310 2162 que
337 2073 373 2140 in
395 2069 535 2138 dicendo
556 2070 730 2142 facultatis
753 2079 813 2138 eut
840 2091 933 2138 acum
956 2091 1116 2158 prospere
1137 2067 1322 2138 defendere

244 2185 305 2242 ant
333 2173 421 2265 apud
450 2175 673 2240 centumviros
701 2196 836 2243 caueam
866 2173 1012 2262 aliquam
1042 2173 1188 2240 feliciter
1217 2194 1320 2241 crare

243 2287 303 2348 aut
323 2277 411 2368 apud
437 2277 620 2367 principem
641 2277 733 2368 iprae
755 2279 834 2346 illua
855 2277 997 2346 libertae
1020 2285 1059 2344 et·
1077 2283 1321 2366 pmcuratarea

243 2382 430 2472 principum
459 2381 547 2448 tueri
577 2388 612 2446 et
641 2375 818 2448 defendere
847 2378 959 2450 datur.
976 2398 986 2417 ²
1001 2389 1073 2447 tum
1102 2379 1183 2446 miii
1211 2401 1319 2468 capra

242 2485 435 2554 tribunatuo
462 2491 499 2550 et
518 2491 695 2572 praeturae
718 2491 754 2550 et
773 2486 973 2554 nauculatur
988 2482 1169 2552 amandare
1186 2485 1319 2568 videar,

242 2596 314 2658 tam
336 2588 459 2656 hahere
482 2585 590 2676 quod,
616 2587 648 2656 ei
673 2607 739 2656 non
763 2587 800 2655 in
824 2589 891 2656 ulio
911 2589 1037 2670 oritur,
1066 2608 1126 2655 nec
1145 2585 1317 2658 codiciliia

310 2719 381 2816 im.
395 2764 430 2815 aie
444 2775 488 2814 are
502 2761 577 2828 ipsa]
603 2761 877 2828 Utcio.0ti.1,³8.
909 2759 1213 2833 reformantem
1233 2766 1272 2818 nie
1286 2779 1319 2820 ae

275 2831 338 2899 ipae
353 2833 542 2898 praedicare,
561 2831 625 2882 coil.
644 2834 709 2886 sen.
725 2834 751 2884 u.
764 2836 793 2886 et
806 2837 850 2886 ²³.
882 2835 939 2888 iiii
956 2835 991 2886 aie
1006 2847 1051 2886 aaa
1064 2833 1133 2898 inae,

309 2932 371 2984 tum
385 2931 489 2984 iniere
503 2933 637 2982 Muretus.
672 2928 710 2982 At
727 2933 802 2982 ms.
816 2933 905 2985 autre.
939 2933 1090 2984 raeccine:
1108 2934 1171 2984 tam
1181 2931 1302 2986 ambire.

308 3029 334 3080 ai
353 3044 412 3080 aaa
431 3031 462 3082 ia
480 3033 552 3092 aiio]
580 3031 672 3082 Locua
694 3033 849 3093 corruptae.
884 3033 1031 3095 Suspicor:
1055 3031 1081 3080 at
1097 3043 1155 3080 aaa
1173 3029 1203 3080 in
1221 3031 1317 3082 natali

276 3097 417 3149 adoritur.
436 3101 585 3152 Exciderat
599 3105 629 3152 nt
643 3111 726 3162 caepe
740 3100 830 3150 medie
842 3101 954 3163 ayltaba
968 3104 1008 3151 ta·
1026 3101 1141 3150 Fertne:
1160 3099 1317 3151 ocantur.-

274 3167 455 3218 maaecitar.
479 3171 524 3220 ut.
539 3173 624 3220 Labe.
654 3169 807 3220 Otariiur:
823 3163 998 3237 ἐπιγίγνεται.
1032 3169 1068 3219 ut
1083 3168 1197 3229 ecrioait
1213 3169 1244 3218 ia
1259 3181 1315 3220 ata-

275 3235 347 3299 iali‚
371 3237 509 3300 quodiam
524 3238 705 3301 emphaticam
724 3242 768 3288 eat
780 3249 859 3301 quem
876 3239 936 3302 tpaa
948 3239 1059 3294 natali,-
1082 3237 1122 3287 ita
1134 3237 1208 3286 enim
1220 3237 1315 3288 differt

275 3305 359 3356 etiam
379 3306 451 3369 apud
472 3307 632 3359 Ciceronem
652 3307 732 3358 Finu.
746 3308 783 3375 V,
796 3309 830 3373 u,
845 3307 886 3358 1⁷.
905 3310 933 3358 et
955 3308 1005 3374 21,
1019 3303 1062 3358 59.
1084 3307 1116 3357 ia
1131 3305 1227 3372 primu
1243 3311 1315 3360 oria

241 3452 342 3504 caiani
358 3457 480 3527 quauta,
506 3475 562 3512 aaa
579 3473 635 3512 aaa
648 3459 756 3526 plebeio
799 3471 862 3512 mae
881 3470 1039 3520 naevorum
1056 3459 1156 3513 enoda
1169 3459 1314 3514 virilitate

242 3525 317 3574 trita
330 3525 470 3588 uoluntas.
797 3531 1005 3580 lenocinantur.

289 3595 401 3657 pondua
429 3597 460 3648 et
488 3599 666 3660 cunctantia]
700 3598 754 3650 Pro
848 3594 1313 3664 c.7.miaimefaooraiiii]1init

241 3663 381 3713 canatanti
400 3667 429 3714 ei
445 3669 584 3730 aequabili
601 3669 731 3730 pandere.
797 3666 870 3717 enirn
882 3666 993 3718 natione
1005 3665 1118 3726 Galim,
1135 3677 1160 3714 c.
1172 3663 1214 3715 ou.
1236 3665 1311 3716 tiaila

290 3735 405 3794 carana]
422 3733 463 3785 De
475 3737 601 3789 creticae
614 3738 753 3800 meditata,
796 3739 887 3786 aataar
901 3737 951 3784 aaa
961 3734 1076 3785 claudio
1087 3735 1202 3796 demam,
1215 3735 1310 3786 multia

240 3795 271 3846 at
287 3799 321 3850 cie
334 3801 404 3854 libro
423 3817 474 3856 eno
488 3805 553 3857 ¹iac.
568 3812 638 3858 nnn.
658 3805 707 3870 iv,
727 3808 754 3856 ².
796 3805 1016 3870 refragantibus,
1040 3804 1084 3854 tna
1105 3805 1237 3855 honora!
1258 3807 1309 3856 ed·

237 3865 296 3932 111,
313 3865 356 3920 24.
795 3873 853 3935 epti
872 3875 944 3926 aunt.
973 3871 1118 3936 Anu-XI,
1136 3875 1179 3922 ²3.
1214 3872 1311 3924 iiaoa·

199 3959 200 3964 ¹
284 3937 482 4003 minatur]
499 3943 533 3992 ii.
542 3955 566 3994 e.
580 3942 707 4005 inservit,
721 3944 752 3992 ut
794 3943 894 3994 rabilia
911 3945 1002 3992 autam
1018 3941 1119 3992 dicitur
1134 3953 1190 3992 noa
1205 3941 1249 3990 cui
1264 3945 1308 3996 ta-

235 4001 327 4059 uam
351 4005 395 4058 4³.
429 4012 545 4072 amatur
569 4011 605 4076 V,
632 4014 681 4079 12,
706 4009 749 4060 17.
793 4015 891 4078 actm,
911 4012 962 4061 aad
979 4011 1026 4074 qut
1043 4009 1136 4061 ierant
1153 4009 1306 4064 concition-

233 4069 446 4140 diaaciaiarana
467 4081 662 4148 mactatam
681 4083 749 4148 [or-
793 4081 828 4132 ia
841 4081 955 4133 idoneae
972 4077 1240 4146 eenamafeiiead.
1371 4103 1372 4106 ι
