2844 4798
207 281 253 352 18
544 277 958 366 ntenoalsltuns

157 463 246 520 aero
267 449 419 541 publiea:
449 471 517 522 non
541 454 620 544 quio
648 454 857 546 propinquos
884 459 944 522 ant
969 451 1095 522 sooios.
1112 453 1195 524 belii
1223 473 1295 520 non

206 555 366 642 babeam,
385 555 446 626 sed
467 578 575 646 neque
596 557 670 648 ipse
693 559 871 649 imperium
893 557 1076 624 ambitione
1097 557 1230 645 aoeepi,
1254 561 1295 624 et

206 660 324 731 iudiaii
348 663 414 730 mei
433 660 665 729 (insumentum
694 662 765 730 sint
786 683 850 730 non
872 681 965 730 mooe
988 667 1118 728 tentum
1144 657 1295 725 nenessi-

206 763 363 847 tudiues,
386 787 473 854 qiras
492 763 556 832 tibi
570 765 767 854 postposui,
787 763 847 832 sei
870 771 905 832 et
926 773 1016 833 tuoe.
1058 761 1123 830 list
1144 762 1208 830 tibi
1221 763 1295 830 ire-

206 875 262 934 tar
281 868 356 957 pari
377 868 565 950 nobilitate,
583 877 666 935 notu
687 868 803 949 maior,
826 866 947 953 diguus
969 867 1032 934 beo
1054 867 1201 947 iortuna,
1223 867 1294 936 nisi

206 977 245 1040 tu
264 969 378 1058 potior
399 991 506 1040 esses.
547 968 597 1038 Ee
619 979 712 1038 aetas
734 981 807 1056 tua,
838 991 925 1058 quae
946 970 1150 1060 cupiditates
1174 969 1293 1038 adulo-

206 1073 355 1142 saentiae
374 1073 438 1141 iam
461 1071 634 1159 effugeritp
657 1093 697 1139 ee
719 1071 801 1152 vita,
822 1071 857 1138 in
876 1095 943 1162 qua
965 1075 1050 1142 nibil
1068 1075 1292 1162 praeteritum

206 1175 429 1244 exoueendum
452 1174 589 1247 babeas.
629 1174 813 1244 Fortunam
834 1174 942 1244 adbuo
960 1186 1091 1246 tantum
1114 1176 1293 1246 adversam

206 1279 339 1350 tulisti:
370 1276 536 1348 sanandae
559 1298 615 1345 res
638 1279 824 1346 notioribus
846 1281 995 1349 stimulis
1022 1283 1150 1350 animos
1175 1283 1292 1370 onplo·

206 1390 305 1466 rant,
331 1383 411 1474 qnia
433 1381 589 1450 miseriae
607 1383 812 1470 tolerantur,
840 1383 1004 1452 ielioitste
1032 1386 1292 1476 eorrumpimnr.

205 1485 343 1574 Fidem,
363 1485 573 1570 libertatem,
601 1485 800 1568 emisitiam,
826 1488 1008 1579 praeeipua
1029 1488 1164 1556 humani
1187 1489 1291 1558 animi

205 1589 315 1668 bona,
343 1597 382 1657 tu
410 1587 545 1678 quidem
574 1587 690 1656 eadem
718 1591 906 1658 oonetentie
934 1591 1118 1670 retinebis,
1144 1591 1206 1662 sed
1229 1591 1291 1660 aiii

205 1715 269 1784 por
289 1691 486 1781 obsequium
513 1693 722 1763 imminuent.
773 1693 940 1782 irrumpet
961 1693 1131 1777 adulatio,
1157 1695 1290 1764 blendi-

206 1798 294 1878 tioe,
322 1797 504 1886 pessimum
531 1796 601 1864 veri
625 1795 765 1864 affectus
787 1815 968 1878 venenum,
997 1819 1058 1865 sna
1079 1799 1200 1888 auique
1220 1799 1292 1868 nti·

205 1898 299 1967 litas.
349 1897 396 1964 Et
416 1898 482 1964 iem
504 1919 566 1985 ego
590 1921 628 1966 oo
657 1907 696 1966 tu
718 1897 970 1994 simplioissi‘me
992 1901 1160 1970 internos
1189 1903 1291 1972 bodie

205 2003 393 2090 loquimur:
415 2005 520 2071 aeteri
539 2005 702 2072 libentius
724 2025 798 2070 eum
820 2004 956 2070 tortura
973 2014 1090 2072 nostra
1113 2029 1214 2099 quem
1229 2029 1289 2076 no-

205 2105 349 2174 biseum.
402 2103 491 2174 Nem
521 2105 664 2174 suadere
687 2105 832 2196 prinoipi
863 2105 953 2196 quod
983 2117 1161 2196 oporteat,
1189 2111 1291 2180 multi

204 2207 352 2294 laboris:
373 2211 557 2278 assentatio
579 2231 660 2297 erga
684 2229 916 2298 quameunque
935 2213 1120 2300 prinoipem
1142 2213 1215 2280 eine
1238 2213 1289 2282 ai·

205 2313 295 2380 iaetu
316 2313 502 2400 peragitur.
547 2316 599 2382 ia.
623 2311 662 2380 Si
681 2313 878 2380 immensum
900 2313 1034 2405 imperii
1050 2337 1173 2404 eorpus
1194 2323 1289 2386 stare

205 2437 245 2484 aa
265 2415 389 2482 librari
416 2415 488 2482 sine
519 2421 651 2482 restore
676 2422 810 2504 possut,
839 2415 961 2502 dignus
983 2437 1074 2484 eram
1099 2440 1119 2484 a
1141 2440 1209 2506 quo
1231 2441 1289 2490 ras

204 2517 341 2608 publiea
361 2516 545 2608 inciperet:
567 2541 655 2588 nuno
676 2541 717 2588 ao
739 2517 954 2586 neeessitetis
975 2520 1041 2586 iem
1060 2519 1190 2608 pridem
1209 2543 1289 2592 ven·

270 2711 473 2764 documentum
493 2709 556 2764 etot
581 2709 696 2776 Lipsius
722 2725 759 2764 ex
780 2711 849 2766 Vat.
872 2711 911 2764 et
932 2712 989 2764 tte·
1011 2711 1214 2768 Momentum
1237 2715 1287 2784 stt,

237 2782 312 2847 quod
329 2781 453 2834 tetendit
472 2779 662 2833 Peterseuius.

271 2882 314 2934 tot
329 2880 388 2933 uss
412 2883 439 2930 ir.
456 2879 477 2930 1.
502 2875 626 2942 ineptnns
649 2880 776 2931 babetur.
816 2877 964 2928 ltekksrus
981 2875 1075 2929 omisit
1091 2889 1126 2929 ao
1142 2880 1288 2933 transtulit

237 2953 302 3014 post
319 2953 447 3013 quereum
465 2961 579 3000 vorsum
596 2949 721 3001 neumae
744 2949 911 2999 matoneum
933 2961 995 2997 oum
1011 2947 1143 3000 oberiino
1160 2951 1287 3002 scriben-

237 3023 288 3087 ao,
311 3031 427 3080 prorsus
445 3021 545 3068 contre
569 3030 681 3068 sensum
704 3017 765 3067 eius
789 3016 895 3080 periodi
920 3016 1125 3081 nypotuettcse.
1165 3019 1288 3074 Leniore

237 3087 459 3150 transpositione
483 3087 626 3149 suspicor:
650 3089 800 3151 irrumpet
828 3086 978 3153 adulatio,
1006 3087 1177 3152 wmarus,
1214 3089 1287 3139 ion

235 3157 392 3222 pessimum
409 3153 476 3207 vert
491 3154 613 3222 effeetus
630 3169 780 3221 omasum,
798 3167 853 3207 suo
868 3155 970 3218 outone
986 3155 1110 3207 utititas.
1132 3157 1172 3206 at
1185 3169 1236 3220 epo
1248 3169 1286 3208 oa

237 3227 272 3277 tas
289 3227 342 3275 eto.
358 3224 544 3274 vieeusnn.
555 3222 629 3292 ¹1⁴¹·
651 3227 743 3277 Donn.
778 3225 968 3286 transpositio
985 3237 1089 3275 -vereor
1107 3236 1141 3274 ne
1157 3224 1214 3273 vim
1230 3235 1284 3275 no-

236 3294 342 3345 tionum
355 3293 409 3344 sibi
429 3293 663 3346 iunctissimerum
677 3296 846 3357 aliquantum
861 3293 1013 3343 inminuet.
1033 3294 1092 3344 Neo
1106 3293 1198 3356 planet
1216 3306 1285 3344 sen-

236 3363 352 3413 tentiam
359 3363 423 3428 ispo
434 3375 470 3414 ue
487 3365 521 3415 ta
596 3362 875 3429 topetoruroopuleri
892 3363 1079 3430 praegressis,
1100 3375 1155 3413 non
1172 3363 1284 3426 opponi.

236 3433 292 3483 led
311 3431 473 3483 obscuravit
495 3433 684 3496 compendium
701 3436 762 3484 tom
782 3432 931 3483 formulam
947 3432 1113 3496 exquisitam
1127 3435 1157 3485 et
1177 3435 1284 3501 tomen,

236 3502 262 3551 si
276 3501 383 3566 quidem
400 3503 601 3553 restituendum
618 3503 745 3554 videtur:
762 3503 793 3553 et
805 3503 902 3553 tamea
913 3514 965 3567 apo
984 3513 1019 3553 oe
1033 3505 1067 3552 tu
1080 3501 1287 3566 amputarem

234 3571 317 3622 tuter
333 3585 385 3622 nos
399 3571 484 3625 hodie
500 3571 656 3636 loquimur.
697 3573 730 3621 Η.
748 3583 773 3620 e.
791 3583 842 3621 nos
860 3569 976 3640 enitens,
1001 3572 1128 3635 quamvis
1145 3572 1235 3624 aeteri
1250 3572 1286 3622 ¹-

235 3641 297 3692 dem
313 3639 458 3707 exuerint,
476 3640 506 3692 iu
523 3641 702 3706 simplicitate
719 3651 942 3704 perseveramus.
981 3642 1089 3692 Baras.

253 3777 368 3845 rader]
385 3775 427 3828 De
448 3789 503 3842 quo
525 3775 602 3829 intra
614 3777 664 3846 lv,
677 3777 722 3828 ee.
764 3779 872 3842 mente,
895 3777 1069 3843 pedenten-
1087 3775 1149 3829 aaa
1166 3775 1286 3844 perstit-

763 3847 824 3912 loe,
842 3849 874 3896 ut
889 3846 998 3912 1v‚a1.
1024 3846 1130 3898 militia
1152 3847 1217 3898 etue
1233 3847 1285 3912 o!-

252 3913 315 3967 stoe
332 3912 453 3981 offecto]
477 3913 544 3965 Sine
557 3925 627 3966 vero
642 3923 721 3964 emo·
764 3915 854 3980 reatu.
889 3913 934 3978 ita
947 3917 1053 3967 demum
1070 3917 1183 3966 constet
1196 3925 1284 3978 oppo-

201 3983 243 4034 rls
269 3983 434 4047 maurisque
460 3997 555 4036 sensu.
601 3983 720 4035 Birrna.
763 3983 829 4036 sitio
843 3987 909 4049 post
922 3985 1008 4038 matti
1021 3984 1139 4039 tatoris.

199 4052 286 4106 immo
315 4045 475 4120 aiisapo'pus
514 4051 719 4118 accipiendum

198 4123 260 4176 etna
277 4121 336 4176 uuo
357 4121 443 4174 amnt
463 4122 583 4204 abacto,
607 4122 719 4188 torpide
813 4121 902 4174 aaa
936 4135 955 4174 a
975 4133 1031 4189 quo
1055 4119 1216 4188 respubtiao
1236 4119 1284 4176 in·
