2844 4794
227 232 272 300 28
595 229 934 302 urrunnun

329 405 386 472 27.
429 403 597 472 Funerum
621 407 715 474 nulla
735 406 892 473 ambitio:
916 403 953 472 nl
974 407 1084 472 solum
1108 404 1319 474 nommetur

228 515 268 575 ut
296 529 437 598 eorpora
465 511 633 576 elarornm
664 512 812 578 virorum
840 513 946 578 nortis
973 510 1074 597 lignis
1103 516 1316 579 erementur.

227 619 356 680 struem
386 614 462 698 regi
487 635 547 680 neo
570 613 721 682 vestibus
750 634 811 679 neo
833 613 995 702 odoribus
1017 615 1205 682 oumulent:
1243 635 1313 680 sua

227 715 348 804 ruique
364 736 475 797 arma,
495 713 703 804 quorundam
723 717 793 802 igni
807 727 843 783 et
858 739 965 805 equus
989 713 1162 788 adiieitur.
1192 719 1313 807 sepul-

226 839 320 884 erum
351 839 489 908 eeeepes
519 818 632 904 erigit.
688 829 974 890 monumentorum
998 821 1141 890 arduum
1162 830 1198 888 et
1225 843 1313 911 epe-

225 941 340 988 rosum
364 921 541 1004 honorem,
564 931 603 990 nt
625 943 757 1008 gravem
779 923 967 1008 delunotis,
988 933 1225 1014 aspernentur.
1255 929 1312 992 la-

227 1033 339 1092 menta
361 1047 399 1092 oo
417 1027 575 1094 leorimae
597 1028 676 1108 oito,
697 1025 846 1096 dolorem
869 1039 906 1097 et
928 1032 1107 1098 tristitiam
1130 1029 1228 1098 tarde
1245 1053 1312 1120 pn·

226 1137 322 1200 nunt.
364 1128 514 1198 Feminis
536 1133 653 1217 lugere
675 1130 850 1200 honestum
873 1142 945 1216 est,
965 1136 1049 1202 viris
1070 1135 1277 1220 neminisse.

326 1231 421 1302 Haeo
447 1236 482 1302 in
505 1255 678 1302 oommnne
693 1225 743 1301 'de
763 1235 910 1302 omnium
934 1237 1176 1306 Germanorum
1200 1238 1309 1323 origi·

225 1359 266 1405 ne
297 1359 335 1404 ae
365 1339 515 1406 moribus
543 1339 743 1426 nooepimns.
799 1357 885 1404 nona
916 1340 1125 1427 singularum
1154 1341 1307 1427 gentium

223 1445 579 1531 institutorumque,
602 1449 766 1530 qnatenus
792 1439 969 1524 differunt,
997 1465 1085 1532 quae
1107 1446 1263 1512 notiones
1286 1467 1307 1512 e

225 1547 407 1616 Germania
430 1548 465 1614 in
488 1545 620 1615 Gallias
642 1545 951 1630 remigraverint,
974 1546 1162 1634 expediam.

323 1657 379 1724 28.
421 1649 615 1716 Validiores
637 1650 718 1716 olim
741 1647 916 1716 Gallorum
940 1671 996 1718 res
1018 1653 1124 1718 luisse
1147 1671 1305 1717 sommus

223 1763 396 1823 suetorum
420 1753 516 1822 divus
535 1751 646 1820 Iulius
666 1751 793 1832 tradita
815 1773 921 1840 eoque
942 1753 1104 1821 orodihile
1126 1769 1178 1821 est
1197 1749 1303 1820 etiem

224 1859 342 1926 Gallos
374 1858 408 1924 in
440 1858 653 1927 Germaniam
688 1863 940 1940 transgressos:
983 1858 1182 1946 quantulum
1211 1857 1302 1924 enim

223 1963 330 2030 amnis
352 1961 599 2049 obstabatque
621 1958 748 2044 minue,
778 1965 817 2024 nt
837 1981 991 2048 quaeque
1013 1982 1096 2048 gens
1117 1961 1304 2044 evaluerat,

222 2072 404 2154 oocuparet
437 2070 709 2156 permutaretque
739 2059 837 2128 sedes
874 2061 1084 2160 promisouas
1119 2063 1227 2132 adhue
1265 2073 1303 2130 et

220 2169 314 2234 nulla
343 2189 520 2253 regnorum
551 2165 700 2257 potentia
729 2159 884 2234 divisos?
921 2167 1027 2253 igitur
1053 2167 1143 2236 inter
1168 2165 1302 2254 Hercy-

221 2273 308 2339 niam
344 2272 462 2340 silvam
490 2270 709 2357 Rhenumque
739 2275 774 2334 et
802 2268 957 2337 Moenum
997 2291 1110 2339 amnes
1137 2270 1302 2354 Helvetii,

219 2373 382 2442 ulteriora
403 2373 498 2456 Boii,
524 2373 655 2442 Gallina
677 2379 822 2460 utroque
845 2393 948 2458 gens,
978 2381 1129 2445 ιιιιιιιιι.
1180 2373 1300 2442 Manet

219 2478 466 2547 edhuoBoiemi
488 2497 624 2557 nomen,
646 2477 824 2563 signatque
844 2477 913 2543 lori
927 2485 1072 2545 veterem
1090 2478 1300 2558 memoriam,

218 2583 371 2672 quamvis
399 2582 540 2652 mutatis
567 2581 767 2649 oultorihue.
825 2577 894 2647 seo
923 2589 1036 2648 utrum
1067 2581 1231 2650 Aravisci
1259 2585 1297 2652 in

217 2685 422 2756 Pannoniam
453 2686 496 2753 ab
523 2683 606 2752 Osis
633 2683 873 2753 Germanorum
904 2685 1058 2768 natione,
1095 2707 1138 2753 an
1160 2685 1226 2755 Osi
1252 2689 1298 2754 alr

283 2881 315 2935 G.
331 2882 376 2935 27.
411 2878 597 2938 moueatur]
621 2877 683 2930 Non
698 2877 772 2928 male
789 2875 921 2928 Transire
938 2891 974 2928 ex
992 2879 1024 2929 P.
1040 2878 1198 2933 alemant.

282 2978 314 3032 0.
331 2979 376 3030 28.
409 2978 518 3030 diruas
534 2977 594 3028 edd.
614 2991 649 3027 ex
666 2978 700 3026 ll.
718 2975 828 3040 Reliqui
846 2975 989 3029 diversor.

281 3077 436 3145 meatque
453 3090 488 3128 ex
505 3077 539 3126 Η.
558 3079 587 3126 et
604 3077 634 3126 P.
657 3076 763 3142 ascivi,
787 3075 852 3126 coll.
870 3073 943 3127 Diel.
960 3078 1003 3125 23.
1030 3077 1178 3129 Neminem
1193 3075 1287 3126 nonet-

248 3147 336 3212 nolo,
361 3159 450 3212 oenus
466 3146 609 3196 lominum
626 3145 753 3212 elymae
769 3147 931 3198 contentus.
971 3147 1086 3206 Quintil.
1105 3147 1183 3209 vill,
1199 3148 1227 3210 6,
1245 3147 1292 3198 te.

248 3217 300 3268 Em
317 3216 407 3284 sartis
431 3215 531 3279 quibus·
553 3227 679 3279 persono
700 3217 851 3282 sinuatum
875 3226 909 3264 ao
933 3225 1018 3278 saepe
1036 3217 1116 3282 virg.
1134 3219 1203 3268 Aen.
1223 3217 1292 3282 vn,

247 3289 274 3336 3.
308 3287 347 3336 st
364 3283 424 3334 edd.
444 3297 479 3336 ex
496 3284 613 3346 reliquis
630 3284 708 3335 MSS.
727 3281 936 3351 siynlficotque.

227 3427 232 3438 ·
264 3419 295 3474 0.
310 3421 354 3476 27.
387 3419 475 3488 erlnlt
490 3423 521 3472 ut
534 3422 567 3471 Η.
581 3421 618 3490 V,
634 3423 660 3472 6.
774 3419 906 3472 Rhenum
959 3419 1085 3472 coloniae
1130 3419 1294 3474 mitterent.

131 3493 137 3508 '
263 3505 729 3569 omr01s0n‚1rp,9o4‚f‚y,·r
772 3489 901 3540 'rroseius
928 3501 1055 3541 oummtu
1075 3493 1182 3542 moetus·
1208 3503 1243 3541 ex
1262 3491 1294 3543 Ρ.

210 3579 340 3641 prudens
368 3577 526 3627 meminisse
550 3579 729 3642 perseveret,
772 3559 865 3642 “fiili
1191 3627 1197 3640 Ι

212 3646 446 3715 concrederent.
480 3647 560 3697 Lm.
820 3627 1237 3694 enter..amnee,soll.e1ta.

266 3733 296 3784 c.
312 3731 356 3783 ιε.
389 3731 493 3792 raum]
511 3733 574 3780 vir.
594 3729 674 3781 caes.
697 3729 728 3778 ιι.
823 3711 983 3774 Herennia]
1006 3713 1070 3762 Vin
1089 3714 1162 3762 nnn.
1187 3711 1225 3778 ιι,
1245 3708 1291 3764 lo.

213 3801 347 3868 carnut,
361 3798 405 3853 ιι.
430 3801 471 3852 so
483 3801 543 3870 foto
556 3801 729 3852 aneensem·
772 3777 1110 3850 ⁰”2·3·G²11·V¹‚²⁴·

212 3885 267 3935 pua
293 3883 359 3922 oum
384 3869 543 3922 Gerasenos
563 3869 639 3922 Galli
664 3867 729 3917 oir—
822 3866 926 3919 oloris
935 3867 1147 3920 Germanorum
1158 3864 1291 3927 nomae]

212 3943 277 3992 tnta
291 3942 483 4004 superarent,
499 3941 581 3990 adiro
596 3939 668 3988 tello
682 3937 728 3986 tn·
771 3935 921 3988 contrarie
941 3951 964 3987 o.
978 3934 1022 3986 41.
1041 3937 1112 3988 Osos
1124 3935 1291 3988 Pannonica

212 4011 342 4078 ferrent,
358 4012 482 4073 menter
495 4009 640 4060 lominum
654 4008 729 4057 mul·
770 4007 871 4073 unqua
882 4007 1014 4073 coornent
1024 4018 1083 4056 non
1096 4004 1289 4058 ereeGermo·

211 4079 367 4131 titudinem
377 4077 497 4145 annone
506 4077 631 4144 inoptam
642 4077 729 4131 trane
770 4087 832 4128 nor.
866 4075 967 4142 Utique
987 4085 1036 4128 auo
1048 4075 1161 4127 uncins
1179 4075 1289 4127 oscita-
