<?xml version="1.0" encoding="UTF-8"?>
<!DOCTYPE html PUBLIC "-//W3C//DTD XHTML 1.0 Transitional//EN"
    "http://www.w3.org/TR/xhtml1/DTD/xhtml1-transitional.dtd">
<html xmlns="http://www.w3.org/1999/xhtml" xml:lang="en" lang="en">
 <head>
  <title>
</title>
<meta http-equiv="Content-Type" content="text/html;charset=utf-8" />
  <meta name='ocr-system' content='tesseract 3.04.00' />
  <meta name='ocr-capabilities' content='ocr_page ocr_carea ocr_par ocr_line ocrx_word'/>
</head>
<body>
  <div class='ocr_page' id='page_1' title='image "./ccorneliitaciti23tacigoog_0419.png"; bbox 0 0 2844 4794; ppageno 0'>
   <div class='ocr_carea' id='block_1_1' title="bbox 226 259 936 336">
    <p class='ocr_par' dir='ltr' id='par_1_1' title="bbox 226 259 936 336">
     <span class='ocr_line' id='line_1_1' title="bbox 226 259 936 336; baseline 0.003 -2"><span class='ocrx_word' id='word_1_1' title='bbox 226 267 271 334; x_wconf 82' lang='lat'><strong>3⁰</strong></span> <span class='ocrx_word' id='word_1_2' title='bbox 596 259 936 336; x_wconf 70' lang='lat' dir='ltr'><strong>senuerint</strong></span> 
     </span>
    </p>
   </div>
   <div class='ocr_carea' id='block_1_2' title="bbox 197 433 1330 1462">
    <p class='ocr_par' dir='ltr' id='par_1_2' title="bbox 197 433 1330 1462">
     <span class='ocr_line' id='line_1_2' title="bbox 228 433 1330 530; baseline 0.005 -25"><span class='ocrx_word' id='word_1_3' title='bbox 228 437 316 505; x_wconf 88' lang='lat' dir='ltr'><strong>moni</strong></span> <span class='ocrx_word' id='word_1_4' title='bbox 339 433 472 526; x_wconf 89' lang='lat' dir='ltr'><strong>imperii</strong></span> <span class='ocrx_word' id='word_1_5' title='bbox 494 435 625 506; x_wconf 86' lang='lat' dir='ltr'><strong>tierent.</strong></span> <span class='ocrx_word' id='word_1_6' title='bbox 672 437 789 508; x_wconf 85' lang='lat' dir='ltr'><strong>Monet</strong></span> <span class='ocrx_word' id='word_1_7' title='bbox 819 440 924 508; x_wconf 81' lang='lat' dir='ltr'><strong>honos</strong></span> <span class='ocrx_word' id='word_1_8' title='bbox 950 445 986 507; x_wconf 92' lang='lat' dir='ltr'><strong>ot</strong></span> <span class='ocrx_word' id='word_1_9' title='bbox 1014 439 1172 530; x_wconf 75' lang='lat' dir='ltr'><strong>antiquae</strong></span> <span class='ocrx_word' id='word_1_10' title='bbox 1200 443 1330 511; x_wconf 84' lang='lat' dir='ltr'><strong>socie-</strong></span> 
     </span>
     <span class='ocr_line' id='line_1_3' title="bbox 197 532 1329 636; baseline 0.004 -27"><span class='ocrx_word' id='word_1_11' title='bbox 197 532 198 537; x_wconf 30' lang='lat'><em>*</em></span> <span class='ocrx_word' id='word_1_12' title='bbox 226 542 311 610; x_wconf 83' lang='lat' dir='ltr'><strong>totis</strong></span> <span class='ocrx_word' id='word_1_13' title='bbox 332 542 479 628; x_wconf 75' lang='lat' dir='ltr'><strong>insigne:</strong></span> <span class='ocrx_word' id='word_1_14' title='bbox 508 565 584 609; x_wconf 81' lang='lat' dir='ltr'><strong>nom</strong></span> <span class='ocrx_word' id='word_1_15' title='bbox 608 563 668 609; x_wconf 88' lang='lat' dir='ltr'><strong>neo</strong></span> <span class='ocrx_word' id='word_1_16' title='bbox 690 543 831 611; x_wconf 80' lang='lat' dir='ltr'><strong>tributis</strong></span> <span class='ocrx_word' id='word_1_17' title='bbox 853 551 1129 627; x_wconf 86' lang='lat' dir='ltr'><strong>contemnuntur,</strong></span> <span class='ocrx_word' id='word_1_18' title='bbox 1161 567 1226 613; x_wconf 91' lang='lat' dir='ltr'><strong>nec</strong></span> <span class='ocrx_word' id='word_1_19' title='bbox 1249 569 1329 636; x_wconf 92' lang='lat' dir='ltr'><strong>pn-</strong></span> 
     </span>
     <span class='ocr_line' id='line_1_4' title="bbox 226 646 1328 738; baseline 0.003 -25"><span class='ocrx_word' id='word_1_20' title='bbox 226 646 379 713; x_wconf 81' lang='lat' dir='ltr'><strong>ltlioonus</strong></span> <span class='ocrx_word' id='word_1_21' title='bbox 408 646 542 738; x_wconf 75' lang='lat' dir='ltr'><strong>atterit3</strong></span> <span class='ocrx_word' id='word_1_22' title='bbox 570 646 717 734; x_wconf 84' lang='lat' dir='ltr'><strong>exempti</strong></span> <span class='ocrx_word' id='word_1_23' title='bbox 741 647 900 715; x_wconf 84' lang='lat' dir='ltr'><strong>oneribus</strong></span> <span class='ocrx_word' id='word_1_24' title='bbox 922 655 958 715; x_wconf 89' lang='lat' dir='ltr'><strong>et</strong></span> <span class='ocrx_word' id='word_1_25' title='bbox 982 649 1247 730; x_wconf 72' lang='lat' dir='ltr'><strong>collationibus,</strong></span> <span class='ocrx_word' id='word_1_26' title='bbox 1278 657 1328 716; x_wconf 85' lang='lat' dir='ltr'><strong>et</strong></span> 
     </span>
     <span class='ocr_line' id='line_1_5' title="bbox 226 749 1326 843; baseline 0.004 -27"><span class='ocrx_word' id='word_1_27' title='bbox 226 755 356 816; x_wconf 89' lang='lat' dir='ltr'><strong>tentum</strong></span> <span class='ocrx_word' id='word_1_28' title='bbox 379 749 413 813; x_wconf 93' lang='lat' dir='ltr'><strong>in</strong></span> <span class='ocrx_word' id='word_1_29' title='bbox 438 767 535 816; x_wconf 84' lang='lat' dir='ltr'><strong>usum</strong></span> <span class='ocrx_word' id='word_1_30' title='bbox 565 751 767 838; x_wconf 83' lang='lat' dir='ltr'><strong>proeliorum</strong></span> <span class='ocrx_word' id='word_1_31' title='bbox 791 753 951 842; x_wconf 72' lang='lat' dir='ltr'><strong>sepositia</strong></span> <span class='ocrx_word' id='word_1_32' title='bbox 983 755 1077 822; x_wconf 81' lang='lat' dir='ltr'><strong>velut</strong></span> <span class='ocrx_word' id='word_1_33' title='bbox 1103 755 1173 820; x_wconf 80' lang='lat' dir='ltr'><strong>tela</strong></span> <span class='ocrx_word' id='word_1_34' title='bbox 1204 761 1326 843; x_wconf 81' lang='lat' dir='ltr'><strong>etque</strong></span> 
     </span>
     <span class='ocr_line' id='line_1_6' title="bbox 227 850 1325 946; baseline 0.005 -28"><span class='ocrx_word' id='word_1_35' title='bbox 227 874 319 919; x_wconf 84' lang='lat' dir='ltr'><strong>ormo</strong></span> <span class='ocrx_word' id='word_1_36' title='bbox 354 850 455 917; x_wconf 86' lang='lat' dir='ltr'><strong>bellis</strong></span> <span class='ocrx_word' id='word_1_37' title='bbox 481 861 708 923; x_wconf 75' lang='lat' dir='ltr'><strong>reservantur.</strong></span> <span class='ocrx_word' id='word_1_38' title='bbox 773 853 839 922; x_wconf 86' lang='lat' dir='ltr'><strong>Est</strong></span> <span class='ocrx_word' id='word_1_39' title='bbox 865 858 900 923; x_wconf 93' lang='lat' dir='ltr'><strong>in</strong></span> <span class='ocrx_word' id='word_1_40' title='bbox 930 857 1046 924; x_wconf 84' lang='lat' dir='ltr'><strong>eodem</strong></span> <span class='ocrx_word' id='word_1_41' title='bbox 1078 857 1243 946; x_wconf 84' lang='lat' dir='ltr'><strong>obsequio</strong></span> <span class='ocrx_word' id='word_1_42' title='bbox 1281 867 1325 924; x_wconf 87' lang='lat' dir='ltr'><strong>et</strong></span> 
     </span>
     <span class='ocr_line' id='line_1_7' title="bbox 225 957 1322 1050; baseline 0.005 -26"><span class='ocrx_word' id='word_1_43' title='bbox 225 957 462 1024; x_wconf 73' lang='lat' dir='ltr'><strong>Mattiacorum</strong></span> <span class='ocrx_word' id='word_1_44' title='bbox 484 977 578 1041; x_wconf 77' lang='lat' dir='ltr'><strong>gens.</strong></span> <span class='ocrx_word' id='word_1_45' title='bbox 622 957 766 1045; x_wconf 89' lang='lat' dir='ltr'><strong>pmtulit</strong></span> <span class='ocrx_word' id='word_1_46' title='bbox 786 959 871 1025; x_wconf 88' lang='lat' dir='ltr'><strong>enim</strong></span> <span class='ocrx_word' id='word_1_47' title='bbox 896 959 1091 1050; x_wconf 78' lang='lat' dir='ltr'><strong>magnitudo</strong></span> <span class='ocrx_word' id='word_1_48' title='bbox 1106 961 1322 1050; x_wconf 87' lang='lat' dir='ltr'><strong>populiRo-</strong></span> 
     </span>
     <span class='ocr_line' id='line_1_8' title="bbox 226 1059 1322 1153; baseline 0.005 -27"><span class='ocrx_word' id='word_1_49' title='bbox 226 1059 316 1126; x_wconf 87' lang='lat' dir='ltr'><strong>meni</strong></span> <span class='ocrx_word' id='word_1_50' title='bbox 339 1060 431 1124; x_wconf 87' lang='lat' dir='ltr'><strong>uitro</strong></span> <span class='ocrx_word' id='word_1_51' title='bbox 455 1059 620 1130; x_wconf 66' lang='lat' dir='ltr'><strong>amnon,</strong></span> <span class='ocrx_word' id='word_1_52' title='bbox 636 1063 797 1150; x_wconf 89' lang='lat' dir='ltr'><strong>ultraque</strong></span> <span class='ocrx_word' id='word_1_53' title='bbox 821 1069 952 1131; x_wconf 85' lang='lat' dir='ltr'><strong>veteres</strong></span> <span class='ocrx_word' id='word_1_54' title='bbox 981 1065 1142 1132; x_wconf 86' lang='lat' dir='ltr'><strong>terminos</strong></span> <span class='ocrx_word' id='word_1_55' title='bbox 1172 1063 1322 1153; x_wconf 83' lang='lat' dir='ltr'><strong>imperii</strong></span> 
     </span>
     <span class='ocr_line' id='line_1_9' title="bbox 225 1163 1320 1255; baseline 0.005 -25"><span class='ocrx_word' id='word_1_56' title='bbox 225 1165 458 1233; x_wconf 78' lang='lat' dir='ltr'><strong>reverentiam.</strong></span> <span class='ocrx_word' id='word_1_57' title='bbox 500 1163 550 1230; x_wconf 84' lang='lat' dir='ltr'><strong>ito</strong></span> <span class='ocrx_word' id='word_1_58' title='bbox 579 1163 660 1230; x_wconf 85' lang='lat' dir='ltr'><strong>aede</strong></span> <span class='ocrx_word' id='word_1_59' title='bbox 687 1165 878 1252; x_wconf 87' lang='lat' dir='ltr'><strong>finibusque</strong></span> <span class='ocrx_word' id='word_1_60' title='bbox 906 1167 942 1234; x_wconf 89' lang='lat' dir='ltr'><strong>iu</strong></span> <span class='ocrx_word' id='word_1_61' title='bbox 971 1189 1032 1234; x_wconf 84' lang='lat' dir='ltr'><strong>suo</strong></span> <span class='ocrx_word' id='word_1_62' title='bbox 1063 1168 1158 1255; x_wconf 86' lang='lat' dir='ltr'><strong>ripe,</strong></span> <span class='ocrx_word' id='word_1_63' title='bbox 1193 1176 1320 1236; x_wconf 90' lang='lat' dir='ltr'><strong>mente</strong></span> 
     </span>
     <span class='ocr_line' id='line_1_10' title="bbox 225 1266 1318 1354; baseline 0.005 -20"><span class='ocrx_word' id='word_1_64' title='bbox 225 1269 402 1354; x_wconf 76' lang='lat' dir='ltr'><strong>animoque</strong></span> <span class='ocrx_word' id='word_1_65' title='bbox 421 1266 593 1333; x_wconf 86' lang='lat' dir='ltr'><strong>nobiseum</strong></span> <span class='ocrx_word' id='word_1_66' title='bbox 616 1277 736 1354; x_wconf 82' lang='lat' dir='ltr'><strong>egunt,</strong></span> <span class='ocrx_word' id='word_1_67' title='bbox 760 1276 871 1335; x_wconf 83' lang='lat' dir='ltr'><strong>cetero</strong></span> <span class='ocrx_word' id='word_1_68' title='bbox 896 1271 1027 1339; x_wconf 88' lang='lat' dir='ltr'><strong>similes</strong></span> <span class='ocrx_word' id='word_1_69' title='bbox 1049 1271 1207 1354; x_wconf 80' lang='lat' dir='ltr'><strong>Batavis,</strong></span> <span class='ocrx_word' id='word_1_70' title='bbox 1239 1274 1318 1340; x_wconf 83' lang='lat' dir='ltr'><strong>nisi</strong></span> 
     </span>
     <span class='ocr_line' id='line_1_11' title="bbox 225 1369 1317 1462; baseline 0.006 -25"><span class='ocrx_word' id='word_1_71' title='bbox 225 1369 315 1462; x_wconf 84' lang='lat' dir='ltr'><strong>quoti</strong></span> <span class='ocrx_word' id='word_1_72' title='bbox 339 1372 415 1460; x_wconf 86' lang='lat' dir='ltr'><strong>ipso</strong></span> <span class='ocrx_word' id='word_1_73' title='bbox 433 1369 540 1438; x_wconf 79' lang='lat' dir='ltr'><strong>elluo</strong></span> <span class='ocrx_word' id='word_1_74' title='bbox 562 1377 673 1439; x_wconf 83' lang='lat' dir='ltr'><strong>terroe</strong></span> <span class='ocrx_word' id='word_1_75' title='bbox 694 1393 776 1440; x_wconf 89' lang='lat' dir='ltr'><strong>suae</strong></span> <span class='ocrx_word' id='word_1_76' title='bbox 805 1373 879 1439; x_wconf 89' lang='lat' dir='ltr'><strong>solo</strong></span> <span class='ocrx_word' id='word_1_77' title='bbox 907 1383 943 1441; x_wconf 90' lang='lat' dir='ltr'><strong>et</strong></span> <span class='ocrx_word' id='word_1_78' title='bbox 965 1375 1059 1444; x_wconf 83' lang='lat' dir='ltr'><strong>coelo</strong></span> <span class='ocrx_word' id='word_1_79' title='bbox 1088 1376 1201 1442; x_wconf 77' lang='lat' dir='ltr'><strong>ocrim</strong></span> <span class='ocrx_word' id='word_1_80' title='bbox 1235 1378 1317 1444; x_wconf 90' lang='lat' dir='ltr'><strong>ani-</strong></span> 
     </span>
    </p>
   </div>
   <div class='ocr_carea' id='block_1_3' title="bbox 221 1481 1315 2186">
    <p class='ocr_par' dir='ltr' id='par_1_3' title="bbox 225 1481 1163 1544">
     <span class='ocr_line' id='line_1_12' title="bbox 225 1481 1163 1544; baseline -0.004 0"><span class='ocrx_word' id='word_1_81' title='bbox 225 1481 371 1544; x_wconf 88' lang='lat' dir='ltr'><strong>mentur.</strong></span> <span class='ocrx_word' id='word_1_82' title='bbox 1161 1537 1163 1540; x_wconf 83' lang='lat'>.</span> 
     </span>
    </p>

    <p class='ocr_par' dir='ltr' id='par_1_4' title="bbox 221 1573 1315 2186">
     <span class='ocr_line' id='line_1_13' title="bbox 326 1573 1315 1669; baseline 0.004 -24"><span class='ocrx_word' id='word_1_83' title='bbox 326 1573 405 1645; x_wconf 80' lang='lat' dir='ltr'><strong>Nou</strong></span> <span class='ocrx_word' id='word_1_84' title='bbox 426 1575 668 1644; x_wconf 85' lang='lat' dir='ltr'><strong>numeraverim</strong></span> <span class='ocrx_word' id='word_1_85' title='bbox 691 1574 780 1642; x_wconf 90' lang='lat' dir='ltr'><strong>inter</strong></span> <span class='ocrx_word' id='word_1_86' title='bbox 798 1574 997 1644; x_wconf 76' lang='lat' dir='ltr'><strong>Germaniae</strong></span> <span class='ocrx_word' id='word_1_87' title='bbox 1017 1580 1176 1667; x_wconf 89' lang='lat' dir='ltr'><strong>populos,</strong></span> <span class='ocrx_word' id='word_1_88' title='bbox 1197 1601 1315 1669; x_wconf 90' lang='lat' dir='ltr'><strong>quan·</strong></span> 
     </span>
     <span class='ocr_line' id='line_1_14' title="bbox 224 1677 1312 1772; baseline 0.005 -25"><span class='ocrx_word' id='word_1_89' title='bbox 224 1702 324 1770; x_wconf 85' lang='lat' dir='ltr'><strong>quum</strong></span> <span class='ocrx_word' id='word_1_90' title='bbox 346 1687 442 1748; x_wconf 87' lang='lat' dir='ltr'><strong>trane</strong></span> <span class='ocrx_word' id='word_1_91' title='bbox 459 1679 610 1746; x_wconf 86' lang='lat' dir='ltr'><strong>erauum</strong></span> <span class='ocrx_word' id='word_1_92' title='bbox 630 1677 888 1766; x_wconf 80' lang='lat' dir='ltr'><strong>Danubiumque</strong></span> <span class='ocrx_word' id='word_1_93' title='bbox 907 1682 1137 1764; x_wconf 86' lang='lat' dir='ltr'><strong>consederint,</strong></span> <span class='ocrx_word' id='word_1_94' title='bbox 1158 1703 1218 1748; x_wconf 89' lang='lat' dir='ltr'><strong>eos</strong></span> <span class='ocrx_word' id='word_1_95' title='bbox 1244 1687 1312 1772; x_wconf 90' lang='lat' dir='ltr'><strong>qui</strong></span> 
     </span>
     <span class='ocr_line' id='line_1_15' title="bbox 223 1784 1308 1874; baseline 0 -19"><span class='ocrx_word' id='word_1_96' title='bbox 223 1789 415 1855; x_wconf 83' lang='lat' dir='ltr'><strong>‹lecumetee</strong></span> <span class='ocrx_word' id='word_1_97' title='bbox 437 1803 537 1868; x_wconf 73' lang='lat' dir='ltr'><strong>egros</strong></span> <span class='ocrx_word' id='word_1_98' title='bbox 560 1789 732 1866; x_wconf 81' lang='lat' dir='ltr'><strong>exercent3</strong></span> <span class='ocrx_word' id='word_1_99' title='bbox 753 1785 945 1851; x_wconf 86' lang='lat' dir='ltr'><strong>levissimus</strong></span> <span class='ocrx_word' id='word_1_100' title='bbox 965 1785 1107 1874; x_wconf 87' lang='lat' dir='ltr'><strong>quisque</strong></span> <span class='ocrx_word' id='word_1_101' title='bbox 1124 1784 1308 1855; x_wconf 84' lang='lat' dir='ltr'><strong>Gallormn</strong></span> 
     </span>
     <span class='ocr_line' id='line_1_16' title="bbox 222 1883 1306 1978; baseline 0.003 -20"><span class='ocrx_word' id='word_1_102' title='bbox 222 1898 259 1958; x_wconf 90' lang='lat' dir='ltr'><strong>ot</strong></span> <span class='ocrx_word' id='word_1_103' title='bbox 278 1885 392 1976; x_wconf 84' lang='lat' dir='ltr'><strong>inopia</strong></span> <span class='ocrx_word' id='word_1_104' title='bbox 415 1883 523 1952; x_wconf 83' lang='lat' dir='ltr'><strong>andex</strong></span> <span class='ocrx_word' id='word_1_105' title='bbox 543 1883 666 1952; x_wconf 83' lang='lat' dir='ltr'><strong>dubiae</strong></span> <span class='ocrx_word' id='word_1_106' title='bbox 694 1887 921 1972; x_wconf 89' lang='lat' dir='ltr'><strong>possessionis</strong></span> <span class='ocrx_word' id='word_1_107' title='bbox 950 1891 1060 1956; x_wconf 86' lang='lat' dir='ltr'><strong>roiurn</strong></span> <span class='ocrx_word' id='word_1_108' title='bbox 1083 1909 1306 1978; x_wconf 77' lang='lat' dir='ltr'><strong>occupavero.</strong></span> 
     </span>
     <span class='ocr_line' id='line_1_17' title="bbox 223 1987 1306 2082; baseline 0 -20"><span class='ocrx_word' id='word_1_109' title='bbox 223 2015 298 2062; x_wconf 85' lang='lat' dir='ltr'><strong>mox</strong></span> <span class='ocrx_word' id='word_1_110' title='bbox 318 1991 427 2056; x_wconf 92' lang='lat' dir='ltr'><strong>limite</strong></span> <span class='ocrx_word' id='word_1_111' title='bbox 449 1997 524 2055; x_wconf 86' lang='lat' dir='ltr'><strong>neto</strong></span> <span class='ocrx_word' id='word_1_112' title='bbox 542 1987 770 2078; x_wconf 78' lang='lat' dir='ltr'><strong>promotisque</strong></span> <span class='ocrx_word' id='word_1_113' title='bbox 792 1987 972 2080; x_wconf 80' lang='lat' dir='ltr'><strong>praesidiis</strong></span> <span class='ocrx_word' id='word_1_114' title='bbox 995 1991 1090 2058; x_wconf 87' lang='lat' dir='ltr'><strong>sinus</strong></span> <span class='ocrx_word' id='word_1_115' title='bbox 1110 1994 1245 2082; x_wconf 90' lang='lat' dir='ltr'><strong>imperii</strong></span> <span class='ocrx_word' id='word_1_116' title='bbox 1266 2003 1306 2062; x_wconf 89' lang='lat' dir='ltr'><strong>et</strong></span> 
     </span>
     <span class='ocr_line' id='line_1_18' title="bbox 221 2091 714 2186; baseline -0.004 -22"><span class='ocrx_word' id='word_1_117' title='bbox 221 2117 302 2186; x_wconf 90' lang='lat' dir='ltr'><strong>pere</strong></span> <span class='ocrx_word' id='word_1_118' title='bbox 324 2091 516 2184; x_wconf 75' lang='lat' dir='ltr'><strong>provinciae</strong></span> <span class='ocrx_word' id='word_1_119' title='bbox 538 2091 714 2162; x_wconf 79' lang='lat' dir='ltr'><strong>habentur.</strong></span> 
     </span>
    </p>
   </div>
   <div class='ocr_carea' id='block_1_4' title="bbox 221 2281 1298 2420">
    <p class='ocr_par' dir='ltr' id='par_1_5' title="bbox 221 2281 1298 2420">
     <span class='ocr_line' id='line_1_19' title="bbox 289 2281 1298 2339; baseline -0.001 -2"><span class='ocrx_word' id='word_1_120' title='bbox 289 2287 320 2339; x_wconf 84' lang='lat' dir='ltr'><strong>c.</strong></span> <span class='ocrx_word' id='word_1_121' title='bbox 341 2286 384 2336; x_wconf 84' lang='grc'><strong>29.</strong></span> <span class='ocrx_word' id='word_1_122' title='bbox 420 2281 635 2336; x_wconf 76' lang='lat' dir='ltr'><strong>numeraverim</strong></span> <span class='ocrx_word' id='word_1_123' title='bbox 653 2283 713 2332; x_wconf 80' lang='lat' dir='ltr'><strong>eid.</strong></span> <span class='ocrx_word' id='word_1_124' title='bbox 733 2295 768 2334; x_wconf 86' lang='lat' dir='ltr'><strong>ex</strong></span> <span class='ocrx_word' id='word_1_125' title='bbox 783 2281 860 2332; x_wconf 72' lang='lat' dir='ltr'><strong>tiss.</strong></span> <span class='ocrx_word' id='word_1_126' title='bbox 884 2282 922 2332; x_wconf 78' lang='lat' dir='ltr'><strong>at</strong></span> <span class='ocrx_word' id='word_1_127' title='bbox 939 2281 969 2332; x_wconf 77' lang='lat' dir='ltr'><strong>&#39;i-</strong></span> <span class='ocrx_word' id='word_1_128' title='bbox 987 2294 1182 2338; x_wconf 80' lang='lat' dir='ltr'><strong>eruoeromua.</strong></span> <span class='ocrx_word' id='word_1_129' title='bbox 1216 2287 1253 2338; x_wconf 77' lang='lat' dir='ltr'><strong>Et</strong></span> <span class='ocrx_word' id='word_1_130' title='bbox 1267 2285 1298 2336; x_wconf 82' lang='lat' dir='ltr'><strong>v</strong></span> 
     </span>
     <span class='ocr_line' id='line_1_20' title="bbox 221 2351 1023 2420; baseline -0.005 -12"><span class='ocrx_word' id='word_1_131' title='bbox 221 2353 298 2410; x_wconf 81' lang='grc'><strong>1518.</strong></span> <span class='ocrx_word' id='word_1_132' title='bbox 315 2353 533 2409; x_wconf 76' lang='lat' dir='ltr'><strong>numerauimus</strong></span> <span class='ocrx_word' id='word_1_133' title='bbox 551 2355 582 2404; x_wconf 88' lang='lat' dir='ltr'><strong>ut</strong></span> <span class='ocrx_word' id='word_1_134' title='bbox 598 2356 671 2404; x_wconf 81' lang='lat' dir='ltr'><strong>Anu.</strong></span> <span class='ocrx_word' id='word_1_135' title='bbox 691 2351 771 2420; x_wconf 79' lang='lat' dir='ltr'><strong>xiv,</strong></span> <span class='ocrx_word' id='word_1_136' title='bbox 789 2351 832 2404; x_wconf 79' lang='grc'><strong>59.</strong></span> <span class='ocrx_word' id='word_1_137' title='bbox 851 2351 1023 2417; x_wconf 73' lang='lat' dir='ltr'><strong>referetom.</strong></span> 
     </span>
    </p>
   </div>
   <div class='ocr_carea' id='block_1_5' title="bbox 215 2503 1303 3819">
    <p class='ocr_par' dir='ltr' id='par_1_6' title="bbox 220 2503 1303 2784">
     <span class='ocr_line' id='line_1_21' title="bbox 273 2503 1303 2576; baseline -0.004 -12"><span class='ocrx_word' id='word_1_138' title='bbox 273 2505 582 2576; x_wconf 78' lang='lat' dir='ltr'><strong>antiquueeottetotts]</strong></span> <span class='ocrx_word' id='word_1_139' title='bbox 598 2503 664 2557; x_wconf 77' lang='lat' dir='ltr'><strong>Seii·</strong></span> <span class='ocrx_word' id='word_1_140' title='bbox 677 2517 738 2556; x_wconf 86' lang='lat' dir='ltr'><strong>oum</strong></span> <span class='ocrx_word' id='word_1_141' title='bbox 779 2505 881 2557; x_wconf 84' lang='lat' dir='ltr'><strong>sitetes</strong></span> <span class='ocrx_word' id='word_1_142' title='bbox 910 2507 1061 2569; x_wconf 86' lang='lat' dir='ltr'><strong>sepositum</strong></span> <span class='ocrx_word' id='word_1_143' title='bbox 1082 2509 1111 2557; x_wconf 88' lang='lat' dir='ltr'><strong>et</strong></span> <span class='ocrx_word' id='word_1_144' title='bbox 1132 2506 1303 2560; x_wconf 85' lang='lat' dir='ltr'><strong>instructum</strong></span> 
     </span>
     <span class='ocr_line' id='line_1_22' title="bbox 221 2575 1230 2642; baseline -0.005 -10"><span class='ocrx_word' id='word_1_145' title='bbox 221 2580 352 2632; x_wconf 77' lang='lat' dir='ltr'><strong>Romanis</strong></span> <span class='ocrx_word' id='word_1_146' title='bbox 367 2581 462 2631; x_wconf 88' lang='lat' dir='ltr'><strong>initee.</strong></span> <span class='ocrx_word' id='word_1_147' title='bbox 485 2577 594 2628; x_wconf 84' lang='lat' dir='ltr'><strong>litenim</strong></span> <span class='ocrx_word' id='word_1_148' title='bbox 609 2577 674 2624; x_wconf 85' lang='lat' dir='ltr'><strong>ante</strong></span> <span class='ocrx_word' id='word_1_149' title='bbox 689 2575 737 2625; x_wconf 91' lang='lat' dir='ltr'><strong>iu·</strong></span> <span class='ocrx_word' id='word_1_150' title='bbox 778 2577 861 2628; x_wconf 81' lang='lat' dir='ltr'><strong>bellis</strong></span> <span class='ocrx_word' id='word_1_151' title='bbox 874 2577 1018 2626; x_wconf 73' lang='lat' dir='ltr'><strong>resen-veri</strong></span> <span class='ocrx_word' id='word_1_152' title='bbox 1032 2576 1230 2642; x_wconf 76' lang='lat' dir='ltr'><strong>inteiiigamns.</strong></span> 
     </span>
     <span class='ocr_line' id='line_1_23' title="bbox 220 2645 1298 2714; baseline -0.003 -13"><span class='ocrx_word' id='word_1_153' title='bbox 220 2652 288 2701; x_wconf 90' lang='lat' dir='ltr'><strong>iium</strong></span> <span class='ocrx_word' id='word_1_154' title='bbox 301 2650 453 2701; x_wconf 77' lang='lat' dir='ltr'><strong>Caesarem</strong></span> <span class='ocrx_word' id='word_1_155' title='bbox 471 2657 560 2698; x_wconf 85' lang='lat' dir='ltr'><strong>noves</strong></span> <span class='ocrx_word' id='word_1_156' title='bbox 575 2645 639 2695; x_wconf 80' lang='lat' dir='ltr'><strong>iiius</strong></span> <span class='ocrx_word' id='word_1_157' title='bbox 654 2645 736 2695; x_wconf 87' lang='lat' dir='ltr'><strong>sedes</strong></span> <span class='ocrx_word' id='word_1_158' title='bbox 829 2645 1050 2706; x_wconf 79' lang='lat' dir='ltr'><strong>Mattiacorum]</strong></span> <span class='ocrx_word' id='word_1_159' title='bbox 1065 2647 1242 2714; x_wconf 77' lang='lat' dir='ltr'><strong>uenistiv,</strong></span> <span class='ocrx_word' id='word_1_160' title='bbox 1252 2649 1298 2699; x_wconf 80' lang='grc'><strong>57.</strong></span> 
     </span>
     <span class='ocr_line' id='line_1_24' title="bbox 220 2713 1301 2784; baseline -0.004 -12"><span class='ocrx_word' id='word_1_161' title='bbox 220 2723 436 2782; x_wconf 81' lang='lat' dir='ltr'><strong>occupaverunt.</strong></span> <span class='ocrx_word' id='word_1_162' title='bbox 778 2713 862 2766; x_wconf 82' lang='lat' dir='ltr'><strong>circa</strong></span> <span class='ocrx_word' id='word_1_163' title='bbox 888 2714 1066 2784; x_wconf 69' lang='lat' dir='ltr'><strong>meatuum,</strong></span> <span class='ocrx_word' id='word_1_164' title='bbox 1093 2715 1141 2766; x_wconf 80' lang='lat' dir='ltr'><strong>ost</strong></span> <span class='ocrx_word' id='word_1_165' title='bbox 1160 2716 1301 2768; x_wconf 79' lang='lat' dir='ltr'><strong>Mattiaci</strong></span> 
     </span>
    </p>

    <p class='ocr_par' dir='ltr' id='par_1_7' title="bbox 219 2785 1299 2923">
     <span class='ocr_line' id='line_1_25' title="bbox 271 2785 1299 2852; baseline -0.004 -11"><span class='ocrx_word' id='word_1_166' title='bbox 271 2801 324 2842; x_wconf 85' lang='lat' dir='ltr'><strong>occ</strong></span> <span class='ocrx_word' id='word_1_167' title='bbox 350 2785 469 2841; x_wconf 74' lang='lat' dir='ltr'><strong>tribuite</strong></span> <span class='ocrx_word' id='word_1_168' title='bbox 489 2785 734 2846; x_wconf 77' lang='lat' dir='ltr'><strong>contemnuntur]</strong></span> <span class='ocrx_word' id='word_1_169' title='bbox 779 2785 893 2852; x_wconf 68' lang='lat' dir='ltr'><strong>foetae,</strong></span> <span class='ocrx_word' id='word_1_170' title='bbox 912 2795 1036 2848; x_wconf 83' lang='lat' dir='ltr'><strong>quorum</strong></span> <span class='ocrx_word' id='word_1_171' title='bbox 1055 2785 1177 2837; x_wconf 76' lang='lat' dir='ltr'><strong>eaustus</strong></span> <span class='ocrx_word' id='word_1_172' title='bbox 1195 2787 1299 2838; x_wconf 70' lang='lat' dir='ltr'><strong>tritico</strong></span> 
     </span>
     <span class='ocr_line' id='line_1_26' title="bbox 219 2851 1298 2923; baseline -0.006 -13"><span class='ocrx_word' id='word_1_173' title='bbox 219 2859 292 2910; x_wconf 77' lang='lat' dir='ltr'><strong>nise</strong></span> <span class='ocrx_word' id='word_1_174' title='bbox 306 2858 357 2923; x_wconf 83' lang='lat' dir='ltr'><strong>iv,</strong></span> <span class='ocrx_word' id='word_1_175' title='bbox 374 2858 416 2907; x_wconf 89' lang='grc'><strong>12.</strong></span> <span class='ocrx_word' id='word_1_176' title='bbox 433 2856 474 2908; x_wconf 86' lang='grc'><strong>17.</strong></span> <span class='ocrx_word' id='word_1_177' title='bbox 777 2853 895 2922; x_wconf 71' lang='lat' dir='ltr'><strong>ferret,</strong></span> <span class='ocrx_word' id='word_1_178' title='bbox 912 2851 983 2904; x_wconf 86' lang='lat' dir='ltr'><strong>Plio.</strong></span> <span class='ocrx_word' id='word_1_179' title='bbox 1004 2853 1145 2919; x_wconf 76' lang='lat' dir='ltr'><strong>xxxiii,</strong></span> <span class='ocrx_word' id='word_1_180' title='bbox 1164 2856 1205 2906; x_wconf 91' lang='grc'><strong>17.</strong></span> <span class='ocrx_word' id='word_1_181' title='bbox 1229 2855 1298 2908; x_wconf 85' lang='lat' dir='ltr'><strong>ccli.</strong></span> 
     </span>
    </p>

    <p class='ocr_par' dir='ltr' id='par_1_8' title="bbox 215 2920 1297 3819">
     <span class='ocr_line' id='line_1_27' title="bbox 269 2920 1225 2991; baseline -0.005 -11"><span class='ocrx_word' id='word_1_182' title='bbox 269 2929 349 2980; x_wconf 79' lang='lat' dir='ltr'><strong>vetut</strong></span> <span class='ocrx_word' id='word_1_183' title='bbox 372 2929 431 2978; x_wconf 80' lang='lat' dir='ltr'><strong>teia</strong></span> <span class='ocrx_word' id='word_1_184' title='bbox 457 2960 465 2974; x_wconf 86' lang='lat'><strong>.</strong></span> <span class='ocrx_word' id='word_1_185' title='bbox 487 2959 493 2973; x_wconf 92' lang='lat'><strong><em>.</em></strong></span> <span class='ocrx_word' id='word_1_186' title='bbox 522 2923 737 2982; x_wconf 77' lang='lat' dir='ltr'><strong>reservantur]</strong></span> <span class='ocrx_word' id='word_1_187' title='bbox 780 2923 913 2974; x_wconf 74' lang='lat' dir='ltr'><strong>ammian.</strong></span> <span class='ocrx_word' id='word_1_188' title='bbox 928 2925 1016 2973; x_wconf 82' lang='lat' dir='ltr'><strong>Mero.</strong></span> <span class='ocrx_word' id='word_1_189' title='bbox 1033 2923 1144 2991; x_wconf 80' lang='lat' dir='ltr'><strong>xxix,</strong></span> <span class='ocrx_word' id='word_1_190' title='bbox 1157 2920 1186 2990; x_wconf 81' lang='lat' dir='ltr'><strong>i,</strong></span> <span class='ocrx_word' id='word_1_191' title='bbox 1199 2927 1225 2975; x_wconf 78' lang='grc'><strong>3.</strong></span> 
     </span>
     <span class='ocr_line' id='line_1_28' title="bbox 219 2993 1297 3057; baseline -0.001 -10"><span class='ocrx_word' id='word_1_192' title='bbox 219 2997 297 3047; x_wconf 88' lang='lat' dir='ltr'><strong>iieeo</strong></span> <span class='ocrx_word' id='word_1_193' title='bbox 310 2994 488 3044; x_wconf 83' lang='lat' dir='ltr'><strong>distinetione</strong></span> <span class='ocrx_word' id='word_1_194' title='bbox 501 2994 608 3042; x_wconf 83' lang='lat' dir='ltr'><strong>nutste</strong></span> <span class='ocrx_word' id='word_1_195' title='bbox 621 2993 737 3043; x_wconf 77' lang='lat' dir='ltr'><strong>eoniim-</strong></span> <span class='ocrx_word' id='word_1_196' title='bbox 831 2993 996 3043; x_wconf 78' lang='lat' dir='ltr'><strong>decumotee</strong></span> <span class='ocrx_word' id='word_1_197' title='bbox 1013 2993 1076 3057; x_wconf 83' lang='lat' dir='ltr'><strong>egri</strong></span> <span class='ocrx_word' id='word_1_198' title='bbox 1089 3006 1143 3044; x_wconf 89' lang='lat' dir='ltr'><strong>uno</strong></span> <span class='ocrx_word' id='word_1_199' title='bbox 1163 2996 1214 3044; x_wconf 89' lang='lat' dir='ltr'><strong>imo</strong></span> <span class='ocrx_word' id='word_1_200' title='bbox 1231 2995 1297 3046; x_wconf 87' lang='lat' dir='ltr'><strong>ioco</strong></span> 
     </span>
     <span class='ocr_line' id='line_1_29' title="bbox 218 3060 1296 3128; baseline -0.003 -13"><span class='ocrx_word' id='word_1_201' title='bbox 218 3065 257 3115; x_wconf 86' lang='lat' dir='ltr'><strong>xi.</strong></span> <span class='ocrx_word' id='word_1_202' title='bbox 292 3066 368 3128; x_wconf 78' lang='lat' dir='ltr'><strong>Ergo</strong></span> <span class='ocrx_word' id='word_1_203' title='bbox 389 3062 507 3128; x_wconf 83' lang='lat' dir='ltr'><strong>sepositi</strong></span> <span class='ocrx_word' id='word_1_204' title='bbox 525 3073 576 3122; x_wconf 86' lang='lat' dir='ltr'><strong>pro</strong></span> <span class='ocrx_word' id='word_1_205' title='bbox 597 3063 683 3110; x_wconf 84' lang='lat' dir='ltr'><strong>verbo</strong></span> <span class='ocrx_word' id='word_1_206' title='bbox 701 3060 737 3110; x_wconf 88' lang='lat' dir='ltr'><strong>ii·</strong></span> <span class='ocrx_word' id='word_1_207' title='bbox 779 3063 975 3111; x_wconf 88' lang='lat' dir='ltr'><strong>memorentur.</strong></span> <span class='ocrx_word' id='word_1_208' title='bbox 1002 3061 1235 3118; x_wconf 83' lang='lat' dir='ltr'><strong>iniaeveiiioeni</strong></span> <span class='ocrx_word' id='word_1_209' title='bbox 1251 3065 1296 3114; x_wconf 88' lang='lat' dir='ltr'><strong>ri-</strong></span> 
     </span>
     <span class='ocr_line' id='line_1_30' title="bbox 218 3129 1293 3194; baseline 0.001 -10"><span class='ocrx_word' id='word_1_210' title='bbox 218 3134 278 3184; x_wconf 91' lang='lat' dir='ltr'><strong>niio</strong></span> <span class='ocrx_word' id='word_1_211' title='bbox 291 3135 344 3184; x_wconf 89' lang='lat' dir='ltr'><strong>est.</strong></span> <span class='ocrx_word' id='word_1_212' title='bbox 379 3132 424 3182; x_wconf 85' lang='lat' dir='ltr'><strong>ltu</strong></span> <span class='ocrx_word' id='word_1_213' title='bbox 434 3133 540 3180; x_wconf 84' lang='lat' dir='ltr'><strong>demum</strong></span> <span class='ocrx_word' id='word_1_214' title='bbox 553 3129 662 3179; x_wconf 88' lang='lat' dir='ltr'><strong>tollitur</strong></span> <span class='ocrx_word' id='word_1_215' title='bbox 675 3130 736 3191; x_wconf 85' lang='lat' dir='ltr'><strong>pri·</strong></span> <span class='ocrx_word' id='word_1_216' title='bbox 778 3141 815 3192; x_wconf 84' lang='lat' dir='ltr'><strong>pe</strong></span> <span class='ocrx_word' id='word_1_217' title='bbox 840 3129 928 3179; x_wconf 84' lang='lat' dir='ltr'><strong>ruisse</strong></span> <span class='ocrx_word' id='word_1_218' title='bbox 953 3130 1079 3194; x_wconf 83' lang='lat' dir='ltr'><strong>plerique</strong></span> <span class='ocrx_word' id='word_1_219' title='bbox 1107 3133 1293 3186; x_wconf 87' lang='lat' dir='ltr'><strong>consentiunt.</strong></span> 
     </span>
     <span class='ocr_line' id='line_1_31' title="bbox 218 3199 1293 3263; baseline 0.003 -11"><span class='ocrx_word' id='word_1_220' title='bbox 218 3203 310 3252; x_wconf 86' lang='lat' dir='ltr'><strong>stinee</strong></span> <span class='ocrx_word' id='word_1_221' title='bbox 325 3200 554 3262; x_wconf 82' lang='lat' dir='ltr'><strong>interpunctionis</strong></span> <span class='ocrx_word' id='word_1_222' title='bbox 567 3199 735 3263; x_wconf 73' lang='lat' dir='ltr'><strong>tautologia:</strong></span> <span class='ocrx_word' id='word_1_223' title='bbox 778 3199 874 3260; x_wconf 85' lang='lat' dir='ltr'><strong>Nuper</strong></span> <span class='ocrx_word' id='word_1_224' title='bbox 887 3199 1010 3248; x_wconf 77' lang='lat' dir='ltr'><strong>Uirertns</strong></span> <span class='ocrx_word' id='word_1_225' title='bbox 1023 3199 1116 3250; x_wconf 73' lang='lat' dir='ltr'><strong>Germ.</strong></span> <span class='ocrx_word' id='word_1_226' title='bbox 1128 3215 1155 3262; x_wconf 84' lang='lat' dir='ltr'><strong>p.</strong></span> <span class='ocrx_word' id='word_1_227' title='bbox 1167 3199 1228 3253; x_wconf 76' lang='grc'><strong>274.</strong></span> <span class='ocrx_word' id='word_1_228' title='bbox 1241 3205 1293 3255; x_wconf 79' lang='lat' dir='ltr'><strong>‹ie-</strong></span> 
     </span>
     <span class='ocr_line' id='line_1_32' title="bbox 217 3267 1293 3334; baseline 0.002 -13"><span class='ocrx_word' id='word_1_229' title='bbox 217 3272 249 3322; x_wconf 81' lang='lat' dir='ltr'><strong>tn</strong></span> <span class='ocrx_word' id='word_1_230' title='bbox 262 3283 346 3321; x_wconf 70' lang='lat' dir='ltr'><strong>mum</strong></span> <span class='ocrx_word' id='word_1_231' title='bbox 368 3269 549 3331; x_wconf 78' lang='lat' dir='ltr'><strong>proeliorum</strong></span> <span class='ocrx_word' id='word_1_232' title='bbox 566 3267 683 3330; x_wconf 82' lang='lat' dir='ltr'><strong>sepositi</strong></span> <span class='ocrx_word' id='word_1_233' title='bbox 703 3302 733 3318; x_wconf 91' lang='lat'><strong>..</strong></span> <span class='ocrx_word' id='word_1_234' title='bbox 778 3271 905 3320; x_wconf 84' lang='lat' dir='ltr'><strong>cumutee</strong></span> <span class='ocrx_word' id='word_1_235' title='bbox 925 3268 959 3316; x_wconf 87' lang='lat' dir='ltr'><strong>de</strong></span> <span class='ocrx_word' id='word_1_236' title='bbox 981 3269 1135 3320; x_wconf 78' lang='lat' dir='ltr'><strong>erritorium</strong></span> <span class='ocrx_word' id='word_1_237' title='bbox 1155 3281 1237 3334; x_wconf 78' lang='lat' dir='ltr'><strong>quam</strong></span> <span class='ocrx_word' id='word_1_238' title='bbox 1257 3274 1293 3323; x_wconf 79' lang='lat' dir='ltr'><strong>sie</strong></span> 
     </span>
     <span class='ocr_line' id='line_1_33' title="bbox 217 3336 1293 3404; baseline 0.001 -13"><span class='ocrx_word' id='word_1_239' title='bbox 217 3340 296 3392; x_wconf 84' lang='lat' dir='ltr'><strong>teitte</strong></span> <span class='ocrx_word' id='word_1_240' title='bbox 310 3339 514 3391; x_wconf 75' lang='lat' dir='ltr'><strong>reserventur.</strong></span> <span class='ocrx_word' id='word_1_241' title='bbox 548 3337 652 3385; x_wconf 82' lang='lat' dir='ltr'><strong>Lenius</strong></span> <span class='ocrx_word' id='word_1_242' title='bbox 666 3347 735 3386; x_wconf 85' lang='lat' dir='ltr'><strong>sene</strong></span> <span class='ocrx_word' id='word_1_243' title='bbox 778 3337 856 3401; x_wconf 79' lang='lat' dir='ltr'><strong>egris</strong></span> <span class='ocrx_word' id='word_1_244' title='bbox 883 3336 1042 3401; x_wconf 80' lang='lat' dir='ltr'><strong>inteiiigere</strong></span> <span class='ocrx_word' id='word_1_245' title='bbox 1061 3339 1176 3404; x_wconf 77' lang='lat' dir='ltr'><strong>meiuit3</strong></span> <span class='ocrx_word' id='word_1_246' title='bbox 1204 3342 1293 3392; x_wconf 77' lang='lat' dir='ltr'><strong>decu-</strong></span> 
     </span>
     <span class='ocr_line' id='line_1_34' title="bbox 217 3405 1291 3474; baseline 0.001 -15"><span class='ocrx_word' id='word_1_247' title='bbox 217 3409 318 3460; x_wconf 78' lang='lat' dir='ltr'><strong>flueret</strong></span> <span class='ocrx_word' id='word_1_248' title='bbox 330 3405 437 3474; x_wconf 80' lang='lat' dir='ltr'><strong>oratio,</strong></span> <span class='ocrx_word' id='word_1_249' title='bbox 462 3406 488 3455; x_wconf 92' lang='lat' dir='ltr'><strong>si</strong></span> <span class='ocrx_word' id='word_1_250' title='bbox 502 3407 590 3455; x_wconf 79' lang='lat' dir='ltr'><strong>rerba</strong></span> <span class='ocrx_word' id='word_1_251' title='bbox 608 3417 661 3456; x_wconf 84' lang='lat' dir='ltr'><strong>nec</strong></span> <span class='ocrx_word' id='word_1_252' title='bbox 675 3405 736 3456; x_wconf 88' lang='lat' dir='ltr'><strong>tri·</strong></span> <span class='ocrx_word' id='word_1_253' title='bbox 776 3408 868 3456; x_wconf 83' lang='lat' dir='ltr'><strong>mutes</strong></span> <span class='ocrx_word' id='word_1_254' title='bbox 889 3418 952 3456; x_wconf 86' lang='lat' dir='ltr'><strong>esse</strong></span> <span class='ocrx_word' id='word_1_255' title='bbox 971 3407 1018 3468; x_wconf 85' lang='lat' dir='ltr'><strong>qui</strong></span> <span class='ocrx_word' id='word_1_256' title='bbox 1034 3409 1168 3460; x_wconf 80' lang='lat' dir='ltr'><strong>decimum</strong></span> <span class='ocrx_word' id='word_1_257' title='bbox 1187 3411 1291 3472; x_wconf 84' lang='lat' dir='ltr'><strong>pende-</strong></span> 
     </span>
     <span class='ocr_line' id='line_1_35' title="bbox 217 3475 1290 3546; baseline -0.001 -16"><span class='ocrx_word' id='word_1_258' title='bbox 217 3479 292 3530; x_wconf 79' lang='lat' dir='ltr'><strong>tutts</strong></span> <span class='ocrx_word' id='word_1_259' title='bbox 313 3477 538 3528; x_wconf 79' lang='lat' dir='ltr'><strong>contemnuntur</strong></span> <span class='ocrx_word' id='word_1_260' title='bbox 564 3476 629 3536; x_wconf 83' lang='lat' dir='ltr'><strong>post</strong></span> <span class='ocrx_word' id='word_1_261' title='bbox 656 3487 734 3537; x_wconf 83' lang='lat' dir='ltr'><strong>seqq.</strong></span> <span class='ocrx_word' id='word_1_262' title='bbox 776 3479 854 3541; x_wconf 88' lang='lat' dir='ltr'><strong>rent,</strong></span> <span class='ocrx_word' id='word_1_263' title='bbox 872 3475 1158 3546; x_wconf 62' lang='lat' dir='ltr'><strong>decumanorum,</strong></span> <span class='ocrx_word' id='word_1_264' title='bbox 1175 3492 1211 3530; x_wconf 83' lang='lat' dir='ltr'><strong>ex</strong></span> <span class='ocrx_word' id='word_1_265' title='bbox 1228 3481 1290 3542; x_wconf 87' lang='lat' dir='ltr'><strong>qui-</strong></span> 
     </span>
     <span class='ocr_line' id='line_1_36' title="bbox 215 3544 1290 3614; baseline 0.003 -15"><span class='ocrx_word' id='word_1_266' title='bbox 215 3559 271 3599; x_wconf 80' lang='lat' dir='ltr'><strong>trec</strong></span> <span class='ocrx_word' id='word_1_267' title='bbox 288 3547 453 3612; x_wconf 69' lang='lat' dir='ltr'><strong>uotiuum</strong></span> <span class='ocrx_word' id='word_1_268' title='bbox 468 3544 577 3596; x_wconf 83' lang='lat' dir='ltr'><strong>atterit</strong></span> <span class='ocrx_word' id='word_1_269' title='bbox 603 3545 733 3608; x_wconf 78' lang='lat' dir='ltr'><strong>legerer·</strong></span> <span class='ocrx_word' id='word_1_270' title='bbox 776 3546 827 3594; x_wconf 77' lang='lat' dir='ltr'><strong>isus</strong></span> <span class='ocrx_word' id='word_1_271' title='bbox 843 3545 948 3594; x_wconf 83' lang='lat' dir='ltr'><strong>decime</strong></span> <span class='ocrx_word' id='word_1_272' title='bbox 960 3547 1143 3614; x_wconf 83' lang='lat' dir='ltr'><strong>penderetur,</strong></span> <span class='ocrx_word' id='word_1_273' title='bbox 1162 3551 1190 3599; x_wconf 92' lang='lat' dir='ltr'><strong>et</strong></span> <span class='ocrx_word' id='word_1_274' title='bbox 1203 3549 1290 3602; x_wconf 80' lang='lat' dir='ltr'><strong>dece-</strong></span> 
     </span>
     <span class='ocr_line' id='line_1_37' title="bbox 217 3613 1288 3684; baseline 0 -16"><span class='ocrx_word' id='word_1_275' title='bbox 217 3621 279 3684; x_wconf 87' lang='lat' dir='ltr'><strong>tur,</strong></span> <span class='ocrx_word' id='word_1_276' title='bbox 303 3616 430 3680; x_wconf 73' lang='lat' dir='ltr'><strong>eumeuii</strong></span> <span class='ocrx_word' id='word_1_277' title='bbox 444 3618 473 3665; x_wconf 90' lang='lat' dir='ltr'><strong>et</strong></span> <span class='ocrx_word' id='word_1_278' title='bbox 486 3613 605 3681; x_wconf 80' lang='lat' dir='ltr'><strong>sepositi</strong></span> <span class='ocrx_word' id='word_1_279' title='bbox 615 3626 667 3675; x_wconf 87' lang='lat' dir='ltr'><strong>pro</strong></span> <span class='ocrx_word' id='word_1_280' title='bbox 681 3623 733 3675; x_wconf 85' lang='lat' dir='ltr'><strong>ep·</strong></span> <span class='ocrx_word' id='word_1_281' title='bbox 775 3625 874 3665; x_wconf 77' lang='lat' dir='ltr'><strong>monos</strong></span> <span class='ocrx_word' id='word_1_282' title='bbox 889 3614 935 3676; x_wconf 87' lang='lat' dir='ltr'><strong>qni</strong></span> <span class='ocrx_word' id='word_1_283' title='bbox 948 3615 1108 3680; x_wconf 77' lang='lat' dir='ltr'><strong>exigerent3</strong></span> <span class='ocrx_word' id='word_1_284' title='bbox 1125 3629 1288 3680; x_wconf 73' lang='lat' dir='ltr'><strong>conspersus</strong></span> 
     </span>
     <span class='ocr_line' id='line_1_38' title="bbox 216 3681 1288 3752; baseline -0.001 -12"><span class='ocrx_word' id='word_1_285' title='bbox 216 3685 354 3751; x_wconf 81' lang='lat' dir='ltr'><strong>positione</strong></span> <span class='ocrx_word' id='word_1_286' title='bbox 367 3684 475 3748; x_wconf 80' lang='lat' dir='ltr'><strong>passivi</strong></span> <span class='ocrx_word' id='word_1_287' title='bbox 489 3685 592 3734; x_wconf 87' lang='lat' dir='ltr'><strong>essent.</strong></span> <span class='ocrx_word' id='word_1_288' title='bbox 628 3684 665 3732; x_wconf 83' lang='lat' dir='ltr'><strong>Et</strong></span> <span class='ocrx_word' id='word_1_289' title='bbox 677 3681 733 3732; x_wconf 90' lang='lat' dir='ltr'><strong>nisi</strong></span> <span class='ocrx_word' id='word_1_290' title='bbox 774 3681 899 3735; x_wconf 74' lang='lat' dir='ltr'><strong>sanates</strong></span> <span class='ocrx_word' id='word_1_291' title='bbox 912 3684 984 3745; x_wconf 76' lang='lat' dir='ltr'><strong>epoti</strong></span> <span class='ocrx_word' id='word_1_292' title='bbox 996 3685 1116 3735; x_wconf 74' lang='lat' dir='ltr'><strong>Festum.</strong></span> <span class='ocrx_word' id='word_1_293' title='bbox 1149 3689 1224 3752; x_wconf 80' lang='lat' dir='ltr'><strong>Ergo</strong></span> <span class='ocrx_word' id='word_1_294' title='bbox 1237 3701 1288 3739; x_wconf 92' lang='lat' dir='ltr'><strong>no·</strong></span> 
     </span>
     <span class='ocr_line' id='line_1_39' title="bbox 216 3751 1289 3819; baseline 0 -12"><span class='ocrx_word' id='word_1_295' title='bbox 216 3757 345 3807; x_wconf 75' lang='lat' dir='ltr'><strong>duritiem</strong></span> <span class='ocrx_word' id='word_1_296' title='bbox 359 3751 732 3806; x_wconf 77' lang='lat' dir='ltr'><strong>structureeuitroeiieote-</strong></span> <span class='ocrx_word' id='word_1_297' title='bbox 774 3751 924 3803; x_wconf 86' lang='lat' dir='ltr'><strong>minativus</strong></span> <span class='ocrx_word' id='word_1_298' title='bbox 945 3755 998 3802; x_wconf 86' lang='lat' dir='ltr'><strong>ert.</strong></span> <span class='ocrx_word' id='word_1_299' title='bbox 1033 3755 1148 3806; x_wconf 77' lang='lat' dir='ltr'><strong>cohorti</strong></span> <span class='ocrx_word' id='word_1_300' title='bbox 1168 3757 1289 3819; x_wconf 81' lang='lat' dir='ltr'><strong>scripto-</strong></span> 
     </span>
    </p>
   </div>
   <div class='ocr_carea' id='block_1_6' title="bbox 215 3821 1392 3892">
    <p class='ocr_par' dir='ltr' id='par_1_9' title="bbox 215 3821 1392 3892">
     <span class='ocr_line' id='line_1_40' title="bbox 215 3821 1392 3892; baseline 0.001 -17"><span class='ocrx_word' id='word_1_301' title='bbox 215 3827 268 3892; x_wconf 80' lang='lat' dir='ltr'><strong>rit,</strong></span> <span class='ocrx_word' id='word_1_302' title='bbox 287 3827 328 3877; x_wconf 86' lang='lat' dir='ltr'><strong>ite</strong></span> <span class='ocrx_word' id='word_1_303' title='bbox 338 3825 462 3875; x_wconf 80' lang='lat' dir='ltr'><strong>&#39;i‘eoitnm</strong></span> <span class='ocrx_word' id='word_1_304' title='bbox 474 3821 626 3884; x_wconf 84' lang='lat' dir='ltr'><strong>scripsisse</strong></span> <span class='ocrx_word' id='word_1_305' title='bbox 639 3822 731 3872; x_wconf 86' lang='lat' dir='ltr'><strong>oredo.</strong></span> <span class='ocrx_word' id='word_1_306' title='bbox 774 3835 836 3891; x_wconf 81' lang='lat' dir='ltr'><strong>rum</strong></span> <span class='ocrx_word' id='word_1_307' title='bbox 849 3833 918 3885; x_wconf 88' lang='lat' dir='ltr'><strong>quos</strong></span> <span class='ocrx_word' id='word_1_308' title='bbox 929 3823 1055 3874; x_wconf 88' lang='lat' dir='ltr'><strong>Ukertus</strong></span> <span class='ocrx_word' id='word_1_309' title='bbox 1075 3839 1102 3886; x_wconf 86' lang='lat' dir='ltr'><strong>p.</strong></span> <span class='ocrx_word' id='word_1_310' title='bbox 1118 3827 1180 3878; x_wconf 79' lang='lat' dir='ltr'><strong>um.</strong></span> <span class='ocrx_word' id='word_1_311' title='bbox 1199 3827 1233 3876; x_wconf 82' lang='lat' dir='ltr'><strong>‹ie</strong></span> <span class='ocrx_word' id='word_1_312' title='bbox 1245 3829 1286 3876; x_wconf 80' lang='lat' dir='ltr'><strong>iiis</strong></span> <span class='ocrx_word' id='word_1_313' title='bbox 1391 3835 1392 3850; x_wconf 65' lang='lat'>¹</span> 
     </span>
    </p>
   </div>
   <div class='ocr_carea' id='block_1_7' title="bbox 212 3891 1286 4166">
    <p class='ocr_par' dir='ltr' id='par_1_10' title="bbox 213 3891 1286 4098">
     <span class='ocr_line' id='line_1_41' title="bbox 213 3891 1286 3964; baseline 0 -17"><span class='ocrx_word' id='word_1_314' title='bbox 213 3895 304 3947; x_wconf 84' lang='lat' dir='ltr'><strong>Doro.</strong></span> <span class='ocrx_word' id='word_1_315' title='bbox 323 3893 560 3957; x_wconf 81' lang='lat' dir='ltr'><strong>Nouopusiuerit</strong></span> <span class='ocrx_word' id='word_1_316' title='bbox 575 3891 730 3942; x_wconf 84' lang='lat' dir='ltr'><strong>nectrens-</strong></span> <span class='ocrx_word' id='word_1_317' title='bbox 774 3891 852 3956; x_wconf 75' lang='lat' dir='ltr'><strong>egris</strong></span> <span class='ocrx_word' id='word_1_318' title='bbox 874 3891 1051 3953; x_wconf 73' lang='lat' dir='ltr'><strong>quaesivisse</strong></span> <span class='ocrx_word' id='word_1_319' title='bbox 1075 3895 1181 3964; x_wconf 87' lang='lat' dir='ltr'><strong>reiert,</strong></span> <span class='ocrx_word' id='word_1_320' title='bbox 1218 3897 1286 3947; x_wconf 82' lang='lat' dir='ltr'><strong>eide</strong></span> 
     </span>
     <span class='ocr_line' id='line_1_42' title="bbox 213 3959 1283 4032; baseline 0.002 -17"><span class='ocrx_word' id='word_1_321' title='bbox 213 3965 351 4026; x_wconf 84' lang='lat' dir='ltr'><strong>positione</strong></span> <span class='ocrx_word' id='word_1_322' title='bbox 365 3977 417 4014; x_wconf 89' lang='lat' dir='ltr'><strong>nec</strong></span> <span class='ocrx_word' id='word_1_323' title='bbox 429 3959 730 4027; x_wconf 77' lang='lat' dir='ltr'><strong>mutetetiistinctione,</strong></span> <span class='ocrx_word' id='word_1_324' title='bbox 774 3963 860 4012; x_wconf 78' lang='lat' dir='ltr'><strong>liertir</strong></span> <span class='ocrx_word' id='word_1_325' title='bbox 877 3961 1082 4016; x_wconf 71' lang='lat' dir='ltr'><strong>reerectionem</strong></span> <span class='ocrx_word' id='word_1_326' title='bbox 1097 3963 1233 4032; x_wconf 64' lang='lat' dir='ltr'><strong>irrueret.</strong></span> <span class='ocrx_word' id='word_1_327' title='bbox 1254 3968 1283 4017; x_wconf 85' lang='grc'><strong>’1.</strong></span> 
     </span>
     <span class='ocr_line' id='line_1_43' title="bbox 213 4029 947 4098; baseline -0.003 -16"><span class='ocrx_word' id='word_1_328' title='bbox 213 4035 238 4082; x_wconf 91' lang='lat' dir='ltr'><strong>si</strong></span> <span class='ocrx_word' id='word_1_329' title='bbox 251 4035 361 4098; x_wconf 77' lang='lat' dir='ltr'><strong>gentem</strong></span> <span class='ocrx_word' id='word_1_330' title='bbox 380 4033 508 4084; x_wconf 75' lang='lat' dir='ltr'><strong>bellicum</strong></span> <span class='ocrx_word' id='word_1_331' title='bbox 529 4033 661 4094; x_wconf 84' lang='lat' dir='ltr'><strong>tunquam</strong></span> <span class='ocrx_word' id='word_1_332' title='bbox 679 4040 730 4079; x_wconf 84' lang='lat' dir='ltr'><strong>er·</strong></span> <span class='ocrx_word' id='word_1_333' title='bbox 774 4029 827 4082; x_wconf 90' lang='lat' dir='ltr'><strong>iii.</strong></span> <span class='ocrx_word' id='word_1_334' title='bbox 847 4043 873 4091; x_wconf 86' lang='lat' dir='ltr'><strong>p.</strong></span> <span class='ocrx_word' id='word_1_335' title='bbox 887 4029 947 4081; x_wconf 84' lang='grc'><strong>225.</strong></span> 
     </span>
    </p>

    <p class='ocr_par' dir='ltr' id='par_1_11' title="bbox 212 4098 1286 4166">
     <span class='ocr_line' id='line_1_44' title="bbox 212 4098 1286 4166; baseline 0.002 -12"><span class='ocrx_word' id='word_1_336' title='bbox 212 4103 422 4156; x_wconf 72' lang='lat' dir='ltr'><strong>momentarium</strong></span> <span class='ocrx_word' id='word_1_337' title='bbox 436 4103 465 4155; x_wconf 94' lang='lat' dir='ltr'><strong>in</strong></span> <span class='ocrx_word' id='word_1_338' title='bbox 478 4104 729 4154; x_wconf 83' lang='lat' dir='ltr'><strong>extromesneoes·</strong></span> <span class='ocrx_word' id='word_1_339' title='bbox 823 4098 914 4152; x_wconf 84' lang='lat' dir='ltr'><strong>itruite</strong></span> <span class='ocrx_word' id='word_1_340' title='bbox 939 4100 1026 4160; x_wconf 84' lang='lat' dir='ltr'><strong>acio]</strong></span> <span class='ocrx_word' id='word_1_341' title='bbox 1067 4101 1213 4166; x_wconf 82' lang='lat' dir='ltr'><strong>Proprium</strong></span> <span class='ocrx_word' id='word_1_342' title='bbox 1236 4103 1286 4156; x_wconf 84' lang='lat' dir='ltr'><strong>iroc</strong></span> 
     </span>
    </p>
   </div>
   <div class='ocr_carea' id='block_1_8' title="bbox 0 0 1426 4794">
    <p class='ocr_par' dir='ltr' id='par_1_12' title="bbox 0 0 1426 4794">
     <span class='ocr_line' id='line_1_45' title="bbox 0 0 1426 4794; baseline 0 6"><span class='ocrx_word' id='word_1_343' title='bbox 0 0 1426 4794; x_wconf 95' lang='lat' dir='ltr'><strong> </strong></span> 
     </span>
    </p>
   </div>
  </div>
 </body>
</html>
