2854 4798
210 265 277 332 luo
546 259 955 334 uls'roulsltuu
1083 331 1085 336 .

159 437 306 526 scripse
325 431 519 517 civitatum
548 437 768 504 scrutentur
789 438 885 527 ipsae
905 437 1081 518 civitates3
1107 433 1289 523 degenera-

210 541 268 608 bat
289 562 308 606 a
333 539 450 604 labore
479 561 519 604 ac
548 541 673 608 virtute
700 543 798 609 rnilee
829 540 1047 608 assuetudine
1075 542 1285 630 voluptatum

208 651 245 712 et
262 649 454 731 contemptu
475 640 584 709 ducis.
625 640 809 710 Praemisit
831 645 866 710 in
888 643 1004 712 urbem
1027 643 1196 730 edictum,
1217 665 1286 734 quo

122 821 125 830 ,
209 745 406 817 vocabulum
435 745 588 830 Augusti
615 744 785 828 differret,
819 745 977 815 Caesaris
1015 768 1080 814 non
1106 748 1285 836 reciperet,

209 871 283 918 onrn
309 847 351 914 cle
373 854 541 936 potestate
562 847 646 914 nihil
668 847 870 924 detraheret.
915 847 1014 916 Pulsi
1034 849 1135 918 ltalia
1158 851 1287 918 matites

209 952 336 1020 matici.
393 949 536 1022 Cautum
566 972 698 1033 severe,
737 973 778 1022 nc
802 952 935 1040 equites
963 952 1110 1024 Romani·
1137 954 1220 1024 ludo
1248 961 1286 1022 ot

207 1078 310 1124 arena
339 1056 583 1144 polluerentur.
644 1056 776 1143 priores
808 1053 844 1124 iu
879 1051 1049 1144 principes
1078 1058 1219 1144 pecunie
1248 1066 1286 1125 et

207 1161 345 1250 saepius
367 1159 401 1228 vi
428 1158 666 1246 perpulerant3
694 1181 733 1226 an
754 1161 915 1249 ploraque
935 1159 1114 1248 municipia
1136 1170 1172 1227 et
1194 1161 1286 1228 colo·

208 1265 284 1332 niae
308 1262 562 1330 aemulabantur
584 1263 873 1351 corruptissimum
897 1284 1063 1352 quemque
1089 1260 1285 1332 adulemur-

206 1369 290 1436 tium
313 1364 423 1456 pretio
448 1363 588 1432 illicere.

307 1501 364 1570 63.
406 1495 475 1566 ssd
497 1495 659 1565 Vitellius
681 1497 825 1566 adventu
847 1498 967 1566 fratris
990 1503 1026 1564 et
1053 1495 1283 1588 irrepentibus

207 1601 444 1671 dominationis
461 1600 640 1686 'magistris
661 1603 841 1691 superbior
862 1611 898 1670 ct
917 1601 1064 1670 atrocior
1085 1599 1193 1666 occidi
1208 1599 1282 1667 Do-

206 1707 364 1774 labellam
389 1701 511 1785 iussit,
542 1722 640 1791 quern
669 1706 704 1771 in
728 1705 890 1774 coloniam
916 1705 1121 1794 Aquinatem
1154 1705 1282 1791 seposi-
1422 1711 1424 1716 ’

206 1817 277 1876 tum
307 1807 350 1874 ab
377 1805 510 1874 Othone
539 1809 746 1878 rettulimus.
802 1809 983 1876 Dolabella
1023 1803 1138 1873 audita
1173 1815 1283 1874 morta

206 1912 354 1981 Othonis
375 1911 492 1976 urbam
514 1909 702 1981 introierat.
747 1911 783 1979 id
802 1913 834 1980 oi
857 1909 1018 1982 Plancius
1045 1907 1161 1976 Varus
1182 1931 1282 1997 prae·

205 2026 283 2084 tura
308 2015 460 2095 iunctas,
488 2033 529 2078 ex
550 2012 679 2081 intimis
701 2013 903 2083 Dolabellae
927 2013 1063 2094 amicis,
1091 2011 1181 2102 apud
1202 2013 1297 2080 lila-¹

204 2121 292 2188 rium
316 2116 473 2186 Sabinum
497 2117 702 2206 praelautum
723 2118 817 2185 urhis
840 2117 974 2202 obiecit,
997 2123 1155 2204 tauquam
1178 2125 1281 2205 rupte

204 2219 358 2292 custodia
381 2217 497 2286 ducam
519 2241 557 2287 se
579 2221 680 2288 victis
704 2221 860 2311 partibus
883 2227 1101 2289 ostentasset.
1151 2220 1282 2288 addidit

204 2333 367 2394 tentatam
388 2325 557 2391 cohortem
581 2346 667 2413 qnae
688 2322 808 2392 Ostiae
831 2333 963 2410 agerct3
984 2345 1044 2390 nee
1066 2323 1146 2392 ullis
1169 2333 1281 2392 tanto·

203 2453 278 2498 rum
307 2428 483 2498 criminum
513 2426 786 2516 probationibus,
821 2426 856 2492 in
890 2427 1129 2515 paenitentiam
1158 2447 1278 2496 versuo

203 2555 314 2604 seram
336 2532 466 2600 veniam
489 2541 568 2620 post
594 2533 705 2598 soclus
730 2531 926 2616 quaerebat.
976 2529 1198 2599 Cunctantem
1220 2553 1279 2596 su-

203 2658 264 2726 per
293 2643 388 2702 tenta
417 2656 455 2702 re
482 2634 634 2702 Flavium
666 2631 826 2703 Sabinum
855 2633 994 2700 Triaria
1023 2633 1122 2700 Lucii
1144 2631 1280 2701 Vitellii

72 2763 85 2794 ⁸
202 2759 305 2823 uror,
333 2737 426 2804 ultra
448 2737 604 2803 laminam
626 2737 741 2812 feror,
768 2741 912 2820 terruit,
943 2759 984 2804 ne
1011 2737 1162 2826 periculo
1185 2741 1277 2826 prin-

201 2843 288 2933 cipis
307 2842 429 2908 lamara
452 2841 648 2908 clamentiae
670 2837 854 2909 affectaret.
904 2840 1050 2908 Sabinus
1078 2849 1200 2930 suopte
1226 2844 1279 2909 ie·

202 2945 299 3031 genio
322 2946 431 3024 mitis,
454 2945 513 3010 ubi
534 2942 677 3010 formido
699 2943 914 3024 incessisset,
935 2943 1046 3010 facilis
1071 2951 1219 3030 mutatu,
1242 2953 1279 3013 et

201 3051 236 3116 in
258 3049 367 3116 alieno
397 3045 590 3116 discrimine
618 3045 686 3114 sihi
715 3065 860 3134 perans,
889 3067 931 3112 ne
960 3046 1125 3114 allevem
1146 3047 1277 3116 ridere-

251 3252 719 3314 cdtctuesJtheturVitellinehoo
761 3253 790 3304 et
805 3263 866 3302 curn
880 3251 1010 3304 Planctus
1030 3255 1123 3306 nultos
1137 3257 1278 3308 tantorum

200 3321 291 3376 edicto
304 3325 473 3386 respondere
490 3325 718 3374 senatusconsul-
761 3321 904 3372 criminum
923 3333 993 3384 qnae
1013 3325 1154 3374 obiecerat
1175 3328 1278 3387 proba-

201 3398 230 3446 tc
246 3407 330 3456 super
344 3394 495 3444 honoribus
513 3394 567 3444 eibi
578 3386 717 3459 ‘sacratim
760 3391 852 3441 tiones
869 3392 950 3440 edere
965 3395 1076 3460 posset,
1101 3395 1190 3456 ipsura
1210 3407 1278 3456 poe·

200 3465 234 3514 de
252 3475 305 3526 quo
322 3477 346 3514 o.
360 3463 404 3515 57.
440 3463 521 3514 Pron.
759 3459 843 3510 nituit
855 3460 1072 3527 criminationis,
1090 3467 1121 3511 nt
1133 3465 1197 3526 poet
1212 3473 1278 3514 eoe-

250 3531 318 3584 ludo
338 3535 368 3586 et
387 3534 500 3594 orceo]
534 3529 717 3584 Gledlutoriie
759 3529 805 3579 lus
833 3529 1006 3582 commissum
1025 3531 1136 3582 veniam
1156 3543 1277 3595 quaere·

199 3599 285 3651 ludis.
759 3599 822 3661 ret3
847 3599 991 3650 estsere:
1015 3601 1156 3652 nonenim
1167 3603 1279 3664 poteret

246 3667 366 3736 priores
383 3669 551 3736 prtoctpea]
573 3669 612 3720 ut
630 3667 715 3736 Nero,
759 3667 892 3730 impetire
913 3669 1057 3732 quominus
1079 3671 1195 3722 crimine
1217 3669 1279 3728 Do-

198 3739 270 3792 Anu.
287 3739 366 3806 xlv,
381 3737 424 3790 14.
758 3737 879 3796 labellus
904 3737 1014 3788 obiecta
1041 3739 1103 3790 huie
1128 3739 1277 3790 essentia

249 3809 280 3860 to
293 3845 317 3862 ..
329 3803 715 3874 perpulerantJPraegnonti
757 3805 881 3857 exitium.
900 3806 1026 3858 Wnurrr.
1047 3809 1113 3860 vid.
1127 3807 1157 3858 in
1177 3809 1259 3860 olo·

197 3878 342 3930 structura
354 3892 407 3943 pro
426 3875 612 3945 perpetiendo
624 3875 715 3940 tmpe-
807 3889 951 3954 pm]
976 3891 1031 3943 pf„
1050 3903 1116 3944 m
1133 3892 1274 3962 mm,

197 3947 364 4000 rrasmnc.
755 3961 788 4009 nt
808 3965 879 4011 sm.
902 3961 956 4023 ιιι,
976 3960 1021 4013 ea.
1046 3963 1132 4013 suas
1156 3962 1276 4016 mauu.

247 4032 277 4084 c.
291 4035 335 4084 ta.
370 4027 552 4093 rettulimus]
564 4029 628 4080 vid.
637 4027 661 4094 1,
668 4027 713 4081 88.
755 4031 794 4079 st
808 4030 865 4080 lta.
883 4032 911 4079 et
924 4029 959 4080 o.
977 4031 1139 4094 emmaus
1157 4067 1164 4082 .
1180 4065 1188 4084 .
1203 4027 1277 4099 affe-

245 4112 299 4155 oec
312 4103 391 4162 tutu]
410 4099 556 4151 sententie
570 4101 639 4150 naec
652 4100 712 4150 ests
754 4099 840 4150 ctare
851 4098 956 4150 omisso
971 4110 1017 4151 oe.
