2844 4798
424 201 489 270 DE
511 203 679 276 TActtt
709 201 942 277 SERMONE.
1030 203 1032 218 '
1127 225 1217 274 mn

144 373 221 442 det.
273 373 366 446 Ant.
394 373 499 456 xvi,
523 379 574 446 13.
607 376 672 458 Osi
694 380 772 444 deta
789 380 950 452 nutam,
985 381 1061 442 dest
1081 375 1216 460 delient,

145 499 246 560 saepe
266 475 375 540 eodem
390 501 469 561 rogo
487 479 722 546 combussisse.
766 477 857 546 Hist.
878 476 912 559 Ι,
931 480 986 546 46.
1010 477 1102 542 Loco
1121 500 1216 562 psus·

139 582 260 662 fectae
287 591 440 664 usquam
464 588 498 644 iss
524 586 661 648 iamlam
680 595 882 664 capesseretur
910 581 951 646 ud
971 591 1217 662 emeatoque·

35 751 36 774 χ
147 685 197 746 od
213 683 342 746 enesim
360 681 428 746 eius
448 681 533 746 Otito
551 689 764 766 praemiserat
787 685 963 766 confossas.
1004 679 1135 767 Nempe
1155 681 1215 748 isse

149 785 226 848 loeo
255 781 486 866 profectionis,
518 784 579 848 ills
607 790 832 864 aegrotationis
860 785 965 862 actio,
996 804 1082 870 quae
1110 783 1215 852 modia

151 887 236 968 tuit,
269 884 402 952 silentio
431 885 666 971 praetermiisa
694 893 758 950 est.
816 883 917 950 Adde
946 885 1038 954 Hist.
1059 883 1131 967 ΙΙΙ,
1160 889 1213 956 aa
1272 911 1275 918 ⁴

150 987 264 1054 Etiam
289 985 381 1055 Hist.
401 983 455 1065 ΙΙ,
475 991 530 1058 dd.
555 988 616 1054 tali
640 1006 730 1052 moos
751 985 950 1054 obscuratus
971 997 1052 1054 esta
1074 991 1216 1056 Lodices

150 1099 266 1165 issa'ts'o,
285 1098 322 1154 ssi
337 1107 659 1164 camerescensem
678 1083 830 1156 invidioso
853 1091 890 1152 V
886 1091 984 1162 stellio
999 1087 1097 1177 (MS.
1120 1091 1218 1176 delto)

152 1200 312 1278 est-eim.
339 1189 527 1277 Numquae
548 1191 704 1277 primaria
726 1189 814 1255 notio
828 1197 900 1268 ost,
924 1197 961 1256 sss·
983 1215 1216 1266 neumasens-

151 1319 259 1362 mss
281 1317 417 1375 moyses
435 1295 578 1375 fuisset,
610 1293 644 1358 in
673 1315 736 1358 uno
759 1293 888 1360 nomine
910 1293 1007 1380 qusai
1034 1293 1215 1362 delitescit.

154 1397 276 1484 Neque
289 1397 337 1460 its
353 1416 430 1461 caco
445 1395 641 1480 dedignatus
656 1403 709 1460 est
722 1394 862 1461 Tacitus
878 1417 928 1476 ca,
949 1417 1088 1481 quocum
1109 1397 1215 1462 scisu-

152 1503 202 1568 tis
224 1497 267 1566 sd
296 1517 406 1564 comm
428 1497 576 1564 ordinem
608 1497 872 1583 pecspicisndum
896 1521 980 1586 opus
1010 1499 1091 1579 tuit,
1126 1519 1215 1564 com·

153 1587 356 1679 memoraie,
395 1600 425 1666 si
454 1600 550 1668 modo
579 1600 727 1683 legentes
756 1601 841 1668 satis
870 1603 990 1670 attenti
1014 1621 1215 1688 ssgscasqus

154 1715 275 1792 suopte
303 1702 433 1785 ingenio
464 1710 500 1770 et
528 1700 739 1770 coniectando
774 1701 862 1768 idem
899 1705 1034 1791 assequi
1065 1707 1215 1792 possent.

155 1803 286 1892 Quodsi
313 1802 405 1874 Hiet.
427 1803 462 1884 Ι,
481 1810 536 1874 77.
563 1813 718 1872 noccutuc
741 1805 907 1874 Othonem
927 1805 1074 1894 Vopisco
1098 1799 1215 1874 consu-

154 1911 260 1974 latum
281 1903 484 1986 destinasse,
513 1913 598 1992 quod
615 1911 758 1994 plerique
780 1909 1004 1974 Vismsessss'ssns
1026 1911 1139 1976 donoro·
1157 1912 1216 1974 ds·

155 2025 224 2078 taso
237 2009 555 2094 interpretabuntur,
575 2009 647 2076 aius
663 2011 714 2076 cei
735 2011 820 2076 natio
842 2013 986 2099 perspici
1008 2033 1071 2078 nou
1094 2018 1215 2100 potest,
1283 2001 1304 2086 ,’

35 2199 36 2210 ¹
156 2113 223 2180 nisi
251 2119 382 2178 stamas
414 2110 633 2180 Viennensem
661 2113 767 2180 fuisse
791 2111 986 2201 Vopiscum.
1047 2115 1152 2202 Atqui
1179 2112 1215 2178 id

156 2235 318 2302 nusquam
356 2223 566 2282 memoretur.
623 2213 740 2282 Simile
768 2217 952 2304 exemplum
979 2217 1021 2284 sd
1046 2217 1137 2284 Hist.
1169 2213 1216 2296 lt,

156 2323 211 2386 ts.
242 2317 438 2384 uotsvimus.
489 2317 556 2384 Sed
581 2317 742 2402 insignius
770 2319 845 2384 novi
874 2319 999 2384 nullum
1027 2341 1125 2406 quem
1150 2339 1216 2404 qus

158 2425 246 2506 Agr.
268 2421 322 2486 24.
350 2417 611 2486 obscurabantur
638 2419 736 2485 verbs
758 2443 841 2484 noce
866 2429 969 2502 priseo
995 2433 1218 2505 anapaestos,

157 2523 261 2589 donec
283 2530 446 2608 repertum
470 2532 538 2601 est,
567 2523 760 2608 Agricolam
785 2519 1014 2588 dissimulante
1036 2523 1157 2602 Tacito
1177 2545 1218 2590 cx

158 2625 334 2696 Britannia
357 2623 539 2709 proiectum
562 2625 665 2690 inisse
687 2625 720 2690 in
746 2625 962 2692 sustinentem
983 2628 1034 2691 cel
1054 2624 1136 2692 adeo
1149 2623 1218 2690 Ro-

158 2751 257 2798 mam.
307 2723 386 2792 Vid.
408 2724 441 2788 iu
463 2725 548 2792 Anc.
570 2726 680 2808 1,81.

213 2841 218 2856 ¹
259 2830 312 2896 1⁵.
364 2825 449 2892 Tele
484 2828 589 2913 igitur
616 2829 790 2894 hcsvitatis
824 2826 969 2895 studium
1003 2847 1077 2894 cnm
1114 2826 1217 2894 soluti

160 2931 286 3020 sltqno
320 2949 549 3016 nonnunquam
586 2931 706 2996 habens
740 2940 774 2996 et
811 2953 919 2996 nerum
949 2931 1064 3016 copiae
1104 2928 1217 3012 potiut

160 3055 258 3120 qnam
287 3029 446 3097 orationis
481 3031 593 3100 decoci
630 3035 789 3100 inservire
824 3033 993 3115 videatur,
1027 3039 1219 3120 compenset

159 3137 300 3204 Tacitus
329 3133 455 3202 intento
486 3143 622 3202 cenatos
649 3133 781 3216 studio,
814 3159 855 3204 ns
884 3137 1091 3223 eloquentiae
1119 3133 1217 3202 laude

159 3240 306 3307 orbetur.
1212 3235 1214 3240 ’

257 3339 306 3407 Ex
331 3337 473 3407 vetustis
496 3359 606 3405 cetum
632 3340 824 3408 auctoribus
846 3337 971 3410 Gsesac
996 3357 1079 3424 pure
1107 3345 1141 3405 st
1164 3359 1218 3408 vs-

160 3450 256 3512 custo
276 3450 312 3510 ct
334 3439 483 3509 detrecto
507 3443 594 3509 omni
616 3451 735 3510 ornatu
758 3442 957 3530 scripserat,
985 3451 1022 3506 ut
1046 3462 1104 3506 nsc
1128 3462 1217 3507 nsce-

35 3627 37 3636 .
160 3546 254 3612 donst
274 3567 293 3610 a
313 3544 475 3610 communi
496 3545 664 3625 sermons,
695 3551 730 3610 st
747 3543 931 3632 quotidiani
957 3544 1118 3608 sermonis
1144 3565 1217 3608 son

159 3645 218 3712 das
237 3638 420 3712 artificiose
440 3641 676 3731 compositione
699 3647 871 3716 verborum
899 3643 1091 3710 declinaret.
1141 3641 1217 3710 sst-

157 3747 279 3816 lustius
298 3747 449 3836 quaesito
472 3749 680 3836 antiquitatis
702 3750 812 3839 specie
832 3747 1030 3836 gravitatem
1051 3742 1216 3832 quandam

159 3851 385 3930 affectaveram
408 3849 635 3938 simplicitatis
658 3859 765 3920 tamen
786 3851 944 3918 retinens.
979 3846 1098 3919 Livius
1118 3866 1215 3912 ocus·

158 3962 227 4020 tucn
243 3951 378 4020 dictioni
399 3971 478 4018 susc
500 3951 697 4022 adhibuerat
716 3962 751 4022 ct
766 3949 937 4020 facundiae
958 3949 1091 4016 taudem
1114 3969 1215 4034 quae·
