2874 4802
219 228 286 300 iae
555 174 961 306 u'rsronrsuuu
998 277 1003 284 -

168 401 343 492 teipsum.
386 400 461 472 Nec
484 405 830 478 nulliustertius
853 409 1044 494 vigilantia,
1072 407 1292 498 parcimonia,

219 506 383 592 sapientia
404 505 528 610 lidncia
551 517 605 576 est
626 533 725 599 quam
752 513 787 579 in
807 513 942 580 Vitellii
963 519 1117 598 torpore,
1145 511 1292 591 inscitia,

218 609 369 677 saevitia.
413 609 481 678 Sed
500 614 669 680 meliorem
691 615 726 680 in
751 615 839 682 belle
863 636 996 682 causam
1015 631 1120 701 'quam
1147 615 1181 678 in
1207 633 1290 700 paee

192 747 194 754 ¹
217 714 394 780 habemus:
415 716 489 780 nard
503 717 562 803 qui
576 716 763 784 deliberant
777 717 1020 789 desciverunt.“
1045 719 1102 788 78.
1119 714 1202 783 Post
1214 715 1290 782 Mu·

133 909 136 916 ¹
217 817 305 882 ciani
327 817 509 884 oraticnem
531 821 637 886 ceteri
661 821 837 888 audentius
859 821 1125 902 circumsistere,
1146 816 1289 894 hortari,

216 942 377 1008 responsa
399 931 510 988 vatum
533 932 567 987 et
589 922 736 990 siderum
760 935 870 990 matus
892 924 1029 991 referre.
1060 945 1119 988 nec
1142 929 1217 988 erat
1231 919 1289 986 iu-

216 1031 327 1090 tsctus
357 1025 419 1090 tali
447 1026 705 1113 superstitious,
735 1037 775 1094 ut
802 1029 861 1115 qui
891 1049 965 1094 mcx
994 1047 1105 1092 rarum
1133 1023 1287 1092 daminus

212 1127 392 1195 Seleucum
421 1128 585 1214 quandam
624 1131 891 1206 mathematicum
927 1137 1092 1194 rectorem
1123 1134 1158 1192 st
1189 1149 1287 1214 prae-

214 1232 319 1300 scium
343 1234 450 1321 palam
473 1231 636 1300 habuerit.
679 1231 912 1298 Recursabant
934 1232 1044 1298 enimc
1066 1240 1178 1296 vetera
1201 1230 1287 1296 cmi-

214 1357 269 1404 na.
313 1357 493 1424 cupressus
517 1337 617 1402 arbor
636 1337 670 1402 in
693 1336 784 1420 agris
810 1335 902 1412 eius,
929 1335 1107 1423 conspicua
1132 1329 1287 1398 altitudi-

120 1520 123 1530 .
213 1463 273 1523 ne,
303 1447 441 1528 repente
461 1437 672 1528 prociderat,
702 1461 740 1504 ac
769 1446 904 1526 postera
927 1437 982 1504 die
1004 1437 1119 1504 ecdem
1141 1437 1286 1522 vestigia

212 1563 393 1628 resurgens
414 1563 553 1630 procera
575 1551 611 1608 ct
631 1541 735 1608 latior
757 1535 899 1611 virebat:
942 1540 1068 1628 grande
1089 1539 1124 1606 id
1145 1560 1285 1628 praepe-
1350 1613 1355 1622 ,

212 1667 353 1734 rumque
378 1665 539 1712 censensu
564 1645 796 1734 haruspicum,
826 1654 863 1710 et
891 1667 1019 1711 summa
1040 1640 1205 1710 claritudo
1232 1643 1282 1708 in·

212 1751 286 1816 vani
315 1746 492 1816 admodum
516 1747 727 1834 Vespasiano
758 1748 935 1833 promissa.
988 1745 1057 1816 Sed
1082 1747 1191 1837 princ
1219 1745 1283 1814 iri·

212 1853 380 1941 nmphalia
400 1859 435 1918 et
455 1852 651 1918 consulatus
674 1859 709 1916 ct
730 1849 890 1918 Iudaicae
914 1851 1073 1918 victurius
1096 1849 1197 1916 decus
1219 1849 1283 1916 im·

213 1957 323 2043 plesse
352 1952 450 2020 fidem
481 1953 602 2020 aminis
633 1952 826 2020 videbatur:
866 1962 906 2022 ut
932 1955 1012 2022 haec
1045 1951 1187 2040 adeptus
1216 1960 1282 2034 est,

189 2055 368 2146 'portendi
394 2059 461 2124 silsi
490 2059 665 2145 imperium
695 2057 863 2124 credebat.
912 2055 976 2124 Est
1002 2055 1161 2124 ludaeam‘
1192 2055 1282 2122 inter

210 2159 410 2248 Syriamque
426 2160 619 2232 Carmelus:
643 2160 691 2226 ita
709 2167 827 2226 vocant
850 2169 992 2227 mentem
1015 2159 1192 2248 deumque.
1218 2180 1279 2226 nec

208 2265 425 2330 simulacrum
454 2265 516 2332 dec
543 2273 602 2330 aut
631 2263 807 2354 templum
840 2261 889 2328 sic
919 2261 1088 2330 tradidere
1116 2263 1279 2330 maiores:

209 2389 300 2438 aram
329 2373 459 2435 tantum
482 2375 517 2434 et
544 2365 777 2461 reuerentiam.
828 2367 898 2434 illic
926 2368 1128 2435 sacrificanti
1146 2364 1279 2456 Vespa·

259 2539 449 2612 parcimonia]
470 2545 503 2594 ll.
525 2557 550 2594 s.
572 2543 721 2608 frugalitas
764 2543 940 2610 sltLipsins,
957 2555 1018 2592 cnm
1038 2541 1198 2594 remanente
1210 2543 1278 2593 sub-

208 2617 237 2666 et
256 2615 443 2678 continentia,
473 2625 544 2676 qrrae
564 2613 722 2678 patientiae
763 2613 841 2672 atiani
854 2613 969 2663 iuberet.
993 2613 1083 2663 Danu.

119 2707 121 2712 v
207 2686 443 2748 propinquarent,
467 2683 559 2734 etilli
583 2683 721 2732 lanariae
813 2681 844 2734 G.
858 2681 901 2732 78.
935 2675 1131 2744 desciuerunt]
1156 2680 1187 2728 lu
1207 2691 1277 2729 eau-

208 2755 366 2816 ccntraria‚
395 2764 466 2816 quae
488 2749 633 2820 Vitellium
654 2763 719 2812 pes·
763 2751 823 2800 dem
840 2751 1005 2800 seutentiam
1021 2749 1138 2810 duriti.
1153 2749 1276 2798 Elvir-

208 2827 328 2873 scindere
338 2822 468 2882 coeperat
475 2835 485 2883 3
503 2825 533 2869 ut
543 2821 720 2870 elautnmst.
763 2821 825 2870 nius
847 2820 919 2882 apud
943 2819 1084 2870 Plutarch.
1105 2819 1184 2867 Galla.
1197 2815 1224 2867 4.
1251 2805 1276 2866 ai

207 2893 231 2956 l,
244 2897 270 2956 8,
284 2893 327 2943 78.
365 2891 431 2942 Dies
454 2891 720 2954 castrametaretur,
761 2885 871 2954 Γάλβα,
889 2888 951 2938 siva
971 2883 1076 2954 spinos
1094 2880 1276 2952 βουὶεῦεοθες

205 2959 328 3024 diditur,
350 2971 403 3010 uec
418 2958 565 3023 quisquam
575 2958 720 3022 parsimo-
762 2953 794 3010 rc*
815 2953 865 3025 ydp
892 2955 980 3021 ζητεῖν
1000 2955 1108 3020 Νέρωνι
1133 2947 1160 3004 ai
1181 2953 1275 3006 πιστοὶ

205 3029 285 3080 ruam
304 3027 426 3078 adlidet.
451 3027 508 3076 Cic.
530 3027 611 3076 verr.
634 3026 672 3090 ll,
693 3029 720 3075 3.
761 3026 899 3093 μένωμεν,
915 3019 967 3090 ἤδη
979 3019 1018 3090 μη·
1030 3017 1294 3089 pretereuntes:

206 3098 282 3148 Talis
298 3097 490 3158 Vespasianus
509 3094 675 3144 describitur
694 3106 720 3144 c·
761 3089 813 3162 ἤδη
825 3087 980 3159 pavimus)
992 3089 1073 3142 ictis.

206 3165 232 3216 ⁵.
250 3164 314 3216 viic
333 3165 478 3232 fortuita,
502 3166 582 3215 ceste
606 3161 720 3214 latitu-
813 3155 1272 3225 cupressus1vid.snst.vssp.5.

207 3247 261 3298 aste
274 3235 326 3285 ain
339 3235 500 3298 careparm
513 3233 718 3283 mititedtscre-
811 3227 972 3290 Carmelus]
981 3229 1116 3278 Diversus
1125 3228 1273 3278 illandus-

204 3315 287 3368 pcrss.
307 3301 382 3352 ldem
399 3299 466 3364 Agr.
480 3299 506 3352 tl.
527 3315 577 3363 per
597 3302 719 3363 proeiu—
761 3299 811 3348 bns
824 3300 944 3348 ciusdem
962 3297 1078 3348 nominis
1093 3293 1273 3347 montitus'ln

204 3367 719 3433 etalemporciunculamintelligasus
761 3370 921 3420 Palaestina
932 3369 1003 3417 sitis.
1048 3366 1051 3374 '

203 3441 408 3503 intelligeretur
445 3439 496 3489 illa
529 3438 716 3502 perstruentes,
810 3449 917 3490 crant.
933 3471 939 3485 .
958 3431 1164 3501 reverentiam]
1179 3437 1272 3486 Mente

205 3521 277 3574 quae
304 3507 501 3573 proderentur
525 3507 653 3570 opposita
673 3508 718 3556 est
759 3507 935 3568 repetendum
949 3505 1107 3569 tradidere,
1126 3506 1271 3568 qarodver-

205 3582 235 3630 et
246 3577 451 3628 similitudinem
472 3579 554 3627 labet
572 3589 631 3626 cum
645 3590 729 3627 ava·.
759 3579 821 3625 hum
834 3587 889 3625 non
909 3575 997 3624 miuus
1012 3575 1080 3624 benc
1093 3587 1153 3623 cuns
1167 3575 1270 3623 adver-

204 3649 287 3714 rusa,
305 3647 430 3710 quamvis
445 3647 717 3707 eamvirtutemprc-
760 3645 803 3695 bic
829 3646 871 3695 stc
901 3655 982 3708 quam
1014 3655 1076 3692 cum
1101 3645 1271 3693 accusativis

204 3719 293 3780 priam
310 3717 398 3767 inissa
411 3713 585 3778 Vespasiano
598 3715 716 3778 constet,
759 3713 831 3764 strui
843 3715 961 3775 poterat¹
991 3733 1027 3744 -
1061 3709 1271 3777 reuerentiam]

205 3789 297 3838 tamen
323 3797 378 3836 unu
404 3785 553 3846 prudenter
572 3783 716 3834 Mucianus
759 3784 934 3833 Uttlerm.9.
949 3783 1099 3832 secretum
1110 3781 1181 3831 titud
1196 3781 1272 3845 quart

204 3857 265 3908 eius
275 3853 386 3904 virtutis
399 3857 455 3904 tum
468 3855 585 3904 maxims
598 3851 717 3903 mentis·
758 3853 822 3903 seta
835 3851 1004 3903 reverentia
1016 3851 1124 3913 videat,
1143 3853 1167 3899 is.
1176 3864 1201 3900 e.
1210 3851 1271 3900 Aa·

204 3939 267 3976 uem
285 3923 392 3975 taceret
414 3923 487 3986 apud
508 3935 573 3986 ecs,
598 3921 645 3985 qui
666 3921 716 3970 dn·
759 3920 854 3972 ducit.
879 3922 931 3971 Sil.
946 3919 1008 3970 ltal.
1022 3919 1074 3986 lli,
1088 3919 1132 3968 30.
1150 3919 1184 3968 da
1203 3921 1270 3969 lanc

204 3995 328 4044 nativum
338 3993 384 4040 val
396 3989 572 4056 largitionem
583 3989 717 4056 principis
760 3989 888 4040 llerculis
910 3990 945 4039 ad
967 3988 1074 4037 Gades:
1108 3989 1164 4038 Sed
1189 3989 1271 4038 natta

205 4062 403 4128 expectabant3
429 4059 457 4110 id
471 4061 543 4125 qnod
556 4061 637 4114 acute
651 4071 718 4111 aen·
761 4057 874 4128 efflatas
886 4059 1097 4124 simulacraque
1114 4059 1183 4108 ncta
1201 4057 1269 4110 dec-
