2854 4798
430 285 534 365 ΗΒ.
556 287 620 362 ΙΙ.“
646 287 769 362 GAP.
793 291 947 363 10-18.
1170 293 1215 362 93

147 469 256 532 metus
283 461 380 531 sooia'
400 463 632 556 imperitarum
655 465 755 532 turba
782 465 818 531 in
842 463 941 531 verba
960 461 1095 531 Vitellii
1123 465 1264 536 iura-oe.

146 589 236 638 vere.
281 565 349 636 sao
376 567 435 634 ubi
458 568 621 635 ‹leleotom
654 589 753 654 agere
777 565 938 634 Pacarius
965 577 1001 634 ot
1026 567 1215 638 inconditos

147 670 296 738 beminen
321 671 465 758 fatigare
496 672 637 740 militiae
666 669 860 738 muneribul
886 671 1032 759 ooeepit,
1066 671 1215 738 laborem

146 775 320 841 insolitum
341 774 455 863 perosi
477 775 811 843 infirmitatamsaam
833 773 1050 862 reputabant:
1071 773 1216 842 insulam
1275 811 1277 816 ·
1420 849 1421 856 q

147 899 223 945 esse
245 881 344 965 qua'm
366 879 548 944 ineolereut
570 887 606 944 et
634 879 731 963 longe
753 877 962 946 Germaniam
983 879 1137 966 viresque
1165 879 1216 946 la-

148 983 300 1067 pionurn3
323 979 473 1068 direptos
496 987 712 1068 vastatosque
733 982 843 1047 elasea
864 979 964 1044 etiarn
995 1001 1078 1066 quos
1099 981 1216 1047 oebar-

147 1093 202 1150 tes
224 1085 362 1170 alaeque
381 1092 605 1172 protegerent.
654 1091 690 1149 et
716 1083 826 1149 eversi
847 1089 983 1172 repente
1010 1083 1127 1164 animi,
1154 1097 1215 1150 neo

148 1191 259 1253 tamen
281 1197 398 1271 aperte
415 1185 457 1266 vi,
479 1195 593 1272 aptum
614 1193 745 1274 tempus
767 1182 901 1251 insidiis
921 1185 1044 1269 lepore.
1075 1185 1217 1270 Digres-

148 1289 198 1354 sia
221 1289 279 1375 qui
302 1285 478 1358 Paeonium
500 1289 773 1378 frequentabant,
794 1287 904 1354 nudus
925 1295 961 1354 et
981 1287 1097 1354 auxilii
1117 1289 1216 1377 inape

148 1391 291 1457 balineis
319 1391 537 1474 iuteriloitor3
565 1391 725 1459 trueielati
746 1397 782 1458 et
809 1379 959 1458 eonrites.
1009 1388 1150 1478 capita,
1175 1397 1217 1459 ut

148 1493 312 1578 bostium,
341 1493 406 1584 ipsi
432 1497 665 1563 interfectores
693 1494 736 1560 ad
761 1493 926 1561 Othonem
954 1493 1082 1574 tolerer
1109 1513 1216 1581 neque

149 1617 208 1664 eos
237 1604 297 1663 aut
316 1595 410 1666 Otbo
437 1599 586 1690 praemio
614 1595 725 1662 all'eait
752 1603 811 1666 aut
839 1597 949 1684 puniit
970 1593 1151 1679 Vitellius,
1178 1599 1215 1665 le

150 1703 256 1768 multa
277 1699 419 1768 eollurie
440 1719 552 1768 rerum
574 1697 757 1766 naioribue
777 1699 914 1786 flagitiis
936 1700 1132 1787 permixtos.

249 1805 305 1872 17.
346 1803 541 1891 Aperuerat
562 1803 629 1869 iam
651 1801 794 1872 ltaliam¹
810 1801 998 1891 bellumque
1020 1803 1216 1870 transmise-

149 1913 223 1988 ret,
255 1915 296 1972 ut
325 1925 428 1994 supra
452 1905 725 1988 memoravimus,
754 1905 808 1971 ele
835 1900 982 1986 Siliana,
1011 1907 1105 1973 nullo
1126 1907 1217 1995 apud

149 2027 347 2096 quemquam
365 2008 510 2076 Othonis
532 2009 646 2076 lavore
654 2055 667 2088 ‚
688 2029 748 2076 nae
768 2006 847 2095 quia
862 2005 1045 2076 Vitellium·
1061 2011 1217 2076 mellente

149 2109 211 2178 sed
237 2112 338 2198 longa
358 2133 426 2200 pax
449 2110 491 2178 ad
512 2133 607 2178 omno
630 2111 803 2180 servitium
831 2109 996 2198 fregerat,
1024 2113 1141 2181 feniles
1161 2129 1218 2181 aas

150 2215 351 2301 aupautibus
381 2223 417 2281 et
446 2215 642 2288 melioribus
672 2213 871 2283 incuriosos.
925 2213 1216 2284 Florentisstmun

148 2317 270 2386 ltaliae
291 2319 403 2397 letas,
431 2325 591 2405 quantum
619 2315 859 2384 intanl’aolum
881 2315 1057 2408 Alpesque
1085 2337 1219 2410 eampo·

149 2441 223 2488 nm
246 2419 454 2504 sturbium,
488 2421 590 2487 aronis
612 2419 746 2486 Vitellii
775 2419 934 2507 (nemque
958 2427 993 2487 et
1014 2425 1218 2510 praemissae

5 2511 6 2578 l
150 2522 334 2594 acronius
356 2524 510 2591 subortas
532 2522 749 2610 advenerant)
769 2523 956 2593 tenebatur.
999 2523 1108 2615 Capta
1129 2525 1219 2598 Pan·

5 2661 7 2708 ε
149 2628 322 2695 nonlarum
359 2627 477 2692 nabars
511 2625 600 2715 apud
628 2623 843 2709 cremonam
880 2627 1054 2715 interrepti
1084 2635 1217 2698 eentum
1287 2655 1292 2668 ·

149 2731 281 2821 equites
310 2747 348 2794 ae
379 2731 456 2796 mile
484 2729 617 2795 elassiei
645 2729 734 2795 iuter
754 2727 959 2796 Plaeeutiam
982 2729 1218 2822 Tieiuumque.

5 2841 7 2866 ¹
152 2833 231 2923 Quo
259 2849 417 2897 suoaessu
444 2829 647 2898 Vitellianus
684 2833 780 2898 miles
809 2853 875 2898 non
901 2833 969 2916 iarn
996 2831 1130 2901 flumine
1158 2843 1219 2904 aut

5 2957 6 2968 ¹
150 2935 236 3026 ripis
265 2933 459 3028 eruebatur3
496 2935 655 3001 irritabat
682 2934 764 3021 quin
793 2935 893 3001 etiam
921 2935 1066 3004 Rutenos
1088 2935 1219 3007 'l'rane-

149 3040 379 3125 rbsnauosqua
401 3035 517 3105 Padus
544 3039 633 3126 ipse,
661 3055 760 3124 quem
782 3049 919 3128 reponte
941 3047 1057 3107 uoutra
1078 3037 1219 3111 Planen-

150 3142 232 3209 tiam
266 3143 470 3227 transgressi
508 3141 616 3229 raptis
644 3139 843 3228 quibusdam
872 3142 1140 3230 exploratoribus
1168 3147 1219 3215 ita

149 3253 279 3312 eeteros
301 3253 470 3325 terruere,
497 3251 537 3310 ut
557 3241 675 3310 adesse
701 3265 835 3311 ornnem·
852 3243 1015 3313 Caecinae
1036 3249 1219 3318 exereitum

149 3345 275 3435 trepidi
296 3366 335 3410 ao
355 3346 435 3414 falsi
453 3349 656 3416 nuntiarent.
699 3335 753 3418 1‘8.
775 3345 913 3418 Cortum
935 3356 1009 3422 erat
1031 3347 1219 3438 Spurinnae

149 3451 203 3536 (ie
224 3449 310 3514 enim
333 3445 538 3515 Florentiam
565 3448 761 3534 obtinebat)
789 3449 926 3516 uaedam
951 3450 1080 3519 renisee
1101 3453 1220 3524 Garoi-

150 3571 244 3634 nam,
264 3555 300 3616 et
321 3549 353 3616 si
371 3551 629 3640 propinquarat,
648 3573 800 3619 uoeraare
819 3554 909 3620 intra
931 3554 1134 3625 munimenta
1155 3560 1220 3628 mi-

150 3705 394 3841 „nt‘tlttf‘tl
407 3705 662 3836 titillet?
703 3709 962 3832 iaitnllltz
981 3713 1219 3840 {filiiflii

150 3843 401 3897 manutentionis
413 3843 561 3896 onetatas
574 3845 626 3896 eat.
703 3859 739 3898 ex
751 3849 921 3900 certantibus
931 3849 1062 3902 meliores
1070 3855 1152 3916 etque
1164 3853 1218 3910 tn-

201 3911 233 3965 c·
243 3911 285 3963 ¹7.
318 3914 354 3964 ret
365 3909 466 3975 repro]
482 3911 544 3962 vio.
560 3909 642 3978 1,70.
658 3947 660 3954 ι
702 3916 781 3980 perio
800 3917 939 3982 digniores
951 3923 1054 3970 essent.

199 3979 375 4041 noanon]
393 3979 427 4035 ll.
441 3993 465 4030 e.
483 3979 519 4031 de
532 3977 660 4032 meliori-
752 3985 881 4050 limatae]
899 3987 965 4038 solt.
980 3988 1054 4053 lato,
1074 3989 1150 4057 ulto,
1168 3983 1217 4049 ra'-

147 4048 213 4120 bat,
237 4051 268 4101 ut
287 4053 359 4101 Anu.
373 4048 453 4117 xlv,
467 4047 510 4101 38.
531 4051 560 4098 et
578 4049 658 4120 xlv,
700 4051 782 4116 pido;
800 4055 934 4122 austriam
945 4057 1006 4108 soll.
1019 4057 1217 4125 arouiqprae-

148 4122 193 4170 to.
226 4119 330 4174 Certae
351 4119 472 4183 sesam,
496 4117 657 4189 eall-1111,
700 4121 847 4192 olpltlbue,
864 4125 992 4192 uuuttts,
1011 4129 1042 4177 ut
1055 4127 1111 4198 ΙΙΙ,
1124 4129 1168 4182 17.
