2846 4794
396 267 499 338 Lib.
521 263 584 336 lv.
627 263 749 334 CAP.
771 267 880 336 a-t.
1105 263 1171 330 233

108 439 234 527 quippe
259 449 392 529 sumpta
419 463 480 531 per
501 439 631 508 Gallias
653 437 901 526 Hispaniasque
928 435 1039 504 oivilia
1068 445 1219 516 armata.
1262 529 1267 536 .

113 543 213 608 uaotis
242 542 285 608 ad
311 538 437 612 bellurn
467 544 661 622 Germanis,
699 563 772 606 rnox
800 539 956 627 lllyrioo‚
992 548 1170 630 postquam

113 646 325 733 Aegyptum,
361 647 517 713 ludaearu
548 645 745 732 Syriamque
780 657 816 709 et
844 641 950 708 omnis
983 644 1171 728 proviuoias

113 749 345 835 exercitusque
363 751 606 829 lustraverant,
633 749 726 816 velut
746 745 878 834 expiato
904 752 1069 810 terrarum
1091 747 1170 810 orbe
1240 797 1245 804 .

113 841 360 937 representem
382 850 589 920 videbantur.
632 849 790 917 addidere
813 849 1019 915 alacritatem
1040 848 1171 934 Vespa·

113 952 201 1018 sinui
220 953 354 1020 litterae
377 960 533 1040 tanquam
556 962 708 1020 ruaueute
731 952 819 1018 bello
840 953 999 1038 scriptae.
1042 973 1080 1018 sa
1104 956 1172 1040 pri·
1276 983 1278 993 ·

116 1077 169 1120 rue
191 1057 302 1143 speeie
320 1057 445 1124 forma:
475 1063 622 1148 oeteruru
643 1063 683 1122 ut
709 1055 861 1142 princeps
882 1056 1097 1140 loquebatur,
1127 1059 1174 1120 ei-

115 1158 193 1222 vilia
214 1157 257 1224 de
276 1181 314 1224 se
334 1169 369 1226 et
389 1160 440 1225 rei
460 1159 614 1248 publieae
632 1159 777 1245 egregie.
828 1157 901 1226 Nee
921 1167 1056 1224 senatus
1078 1157 1174 1222 obse-

114 1261 230 1346 quium
252 1259 385 1328 deerat:
405 1262 473 1348 ipsi
494 1263 688 1328 aoraulatus
706 1281 781 1326 oum
803 1259 886 1327 'l'ito
907 1263 996 1341 lilio,
1016 1267 1175 1350 praetura

58 1441 60 1446 Α
116 1362 308 1430 Domitiano
325 1373 362 1430 et
381 1365 556 1430 eonsulare
576 1364 752 1453 imperium
774 1361 1006 1430 deueruuutur.
1055 1367 1087 1435 t.
1111 1363 1175 1430 bli-

116 1476 210 1534 serat
232 1478 267 1532 et
293 1467 469 1534 bluoiauus
494 1469 654 1555 epistolas
679 1467 721 1533 ad
749 1473 920 1549 seuntnru,
953 1488 1039 1556 quas
1067 1475 1179 1545 mate<

118 1569 202 1633 rianr
231 1571 438 1637 sermonibus
472 1573 666 1659 praebuere.
727 1569 766 1637 Si
798 1570 947 1658 privatus
975 1579 1084 1652 esset,
1116 1593 1177 1637 eur

117 1671 249 1756 publius
281 1673 497 1757 loqueretur?
527 1673 677 1762 potuisse
703 1671 817 1738 eadam
846 1695 969 1759 pausos
999 1679 1077 1762 post
1102 1673 1175 1741 dies

117 1777 190 1840 louo
212 1777 395 1842 sententiae
417 1777 496 1844 diei.
547 1778 620 1864 ipsa
644 1797 777 1862 quoqne
807 1777 983 1843 iuseotatio
1010 1779 1044 1844 iu
1067 1775 1177 1844 Vital-

116 1879 199 1945 lium
224 1899 299 1944 sera
325 1888 360 1944 at
381 1881 453 1948 siue
479 1880 647 1948 libertate.
693 1879 730 1944 id
759 1899 837 1945 vero
859 1900 938 1964 erga
968 1902 1037 1946 reru
1068 1882 1177 1970 publi-

115 2003 188 2048 oarn
217 1982 414 2069 superbum,
444 2003 526 2067 erga
555 1983 737 2070 prinoipem
768 1983 1058 2066 aoutumaliosuru‚
1088 1983 1178 2072 quod

117 2084 151 2149 iu
173 2105 271 2150 uranu
293 2106 354 2151 sua
385 2085 490 2152 luisse
519 2085 693 2173 imparium
721 2082 944 2172 donatumque
968 2083 1177 2174 Vespasiano

117 2188 275 2256 iaetabat.
318 2178 463 2254 oeterurn
484 2187 608 2254 invidia
630 2188 665 2253 iu
688 2187 836 2266 occulto,
859 2187 1006 2254 adulatio
1026 2189 1061 2255 iu
1083 2213 1179 2278 aper-

119 2300 154 2354 to
176 2297 283 2360 erant.
325 2289 432 2356 blulto
453 2311 527 2355 oum
548 2293 670 2356 bonore
688 2289 863 2356 verborum
885 2291 1038 2358 bluoiano
1061 2295 1179 2360 tuum·

120 2393 229 2480 pbalia
252 2391 294 2458 de
320 2393 409 2457 bello
430 2393 521 2458 uirili
543 2392 640 2473 datar
672 2390 733 2459 ssd
754 2392 788 2458 iu
812 2391 984 2460 Sarmatas
1012 2395 1179 2482 expeditio

119 2493 318 2577 lingebatur.
360 2495 543 2560 Adduutur
564 2493 677 2560 Primo
697 2495 848 2561 Antonio
869 2497 1075 2578 consularia,
1097 2497 1180 2566 Gor-

121 2597 209 2663 uelio
240 2593 349 2662 linteo
376 2603 413 2662 et
441 2597 547 2664 Arrio
579 2596 672 2664 Varo
698 2598 868 2686 praetoria
899 2599 1051 2684 insignia.
1100 2603 1181 2670 Mox

187 2799 217 2853 c.
239 2800 265 2852 l.
300 2799 380 2852 aioiii
403 2803 461 2852 edi.
488 2805 525 2853 st
548 2807 601 2856 tia.
622 2803 755 2857 debiam.
790 2803 920 2866 saspioor
941 2815 1003 2854 euna
1024 2805 1124 2857 Baebio
1141 2808 1184 2857 ei-

152 2873 247 2992 ffim'
271 2869 369 2988 ntulit,
386 2873 429 2922 62.
451 2873 563 2925 iodim
580 2873 714 2926 inversam
739 2873 850 2924 restitui
873 2884 923 2934 pro
943 2875 1077 2926 oournuul
1102 2877 1184 2930 inoe-

211 2953 266 2991 am.
326 2951 387 2989 ouo.

124 3111 162 3162 tis
175 3110 267 3172 ampla
284 3107 313 3158 in
333 3119 420 3160 aenea
439 3110 549 3172 nouis,
573 3109 632 3160 lto-
675 3107 820 3172 princeps,
852 3108 898 3170 qni
923 3108 1104 3171 prineipaturu
1129 3109 1185 3161 iarn

124 3192 184 3230 urae
203 3181 315 3242 reperta
330 3178 358 3228 in
374 3178 494 3228 basilien
512 3179 632 3230 batera-
676 3179 792 3239 adeptus
807 3181 890 3228 esset.
926 3179 998 3228 nau.
1120 3181 1123 3186 '

123 3247 220 3312 sensi,
230 3247 313 3297 onita
324 3259 341 3296 a
354 3247 472 3298 Grutero
486 3261 511 3309 p.
526 3243 587 3296 ata.
602 3249 631 3296 et
726 3247 884 3309 obsequium
902 3247 1037 3302 renatos]
1055 3245 1185 3298 (tortitiae
1276 3267 1283 3276 ·

123 3315 485 3378 anorettiou.1.p.5ur.;
502 3316 632 3380 statqu-
676 3315 837 3365 subieativo.
866 3317 903 3364 Ut
922 3315 1043 3366 civiliter
1063 3317 1186 3378 seripse-

124 3387 188 3434 darr
206 3386 336 3434 verentur
358 3398 393 3434 ue
420 3387 563 3446 supposito
586 3386 632 3434 sit.
676 3386 721 3434 rat
735 3383 941 3446 vespasianus,
964 3385 1004 3434 ita
1024 3384 1186 3446 obsequiosa

125 3454 189 3504 Viti.
209 3455 232 3514 i,
251 3449 295 3502 47.
331 3453 506 3504 Decoeuiiatr·
530 3453 634 3504 iitboni
677 3455 777 3516 ageba
790 3457 911 3502 seustus.
929 3455 1004 3503 liaeo
1019 3455 1116 3502 eontra
1128 3455 1185 3503 ba-

126 3521 277 3572 tribaaieio
289 3522 417 3580 potestas
430 3523 633 3572 etaooasaAn-
677 3523 814 3586 ursillum,
839 3523 886 3584 qui
904 3521 1061 3584 obsequium
1081 3523 1186 3583 prinoi-

125 3590 203 3656 pusii
216 3591 245 3640 et
256 3601 350 3639 onam
363 3590 524 3650 principatur
543 3589 632 3640 iono-
678 3591 721 3653 pis
734 3601 801 3652 erpa
814 3593 939 3641 seustnna
952 3590 1089 3653 iutelligit.

125 3670 185 3708 res·
218 3657 303 3706 Paulo
325 3659 386 3718 post
402 3659 484 3708 etiam
503 3661 633 3712 eonsule-
727 3659 757 3710 G.
774 3657 800 3709 t.
834 3661 895 3709 aiae
906 3659 1051 3718 libertate]
1064 3658 1135 3718 puta
1146 3659 1187 3708 si-

126 3731 171 3778 tus
184 3727 335 3776 addebatur
350 3728 378 3776 et
395 3725 460 3775 filiis
475 3729 599 3778 bonam.
679 3739 713 3776 ne
733 3729 854 3789 periculo
869 3729 943 3778 vieto
963 3730 1125 3792 mortuoque
1143 3727 1187 3778 iu-

178 3807 213 3844 eu
235 3795 332 3857 primo
353 3827 360 3842 .
383 3829 390 3842 .
410 3797 528 3860 fornae]
560 3797 634 3847 liaeo
679 3797 843 3848 strltobatur.
878 3797 956 3849 burs.

127 3867 189 3914 eret
202 3863 456 3914 tormaiitteraruru
472 3863 586 3924 primunr
606 3868 634 3914 et
729 3865 902 3930 firapoboiatr]
930 3865 996 3916 seii.
1016 3875 1102 3916 eausa
1124 3877 1188 3914 esse

127 3933 216 3983 obiter
230 3932 347 3996 legenti,
370 3933 419 3983 sed
438 3933 463 3981 si
478 3935 634 3985 separatius
679 3935 881 3996 triumphalium
915 3935 1083 3996 dandorum
1126 3945 1189 3984 naor

127 4002 370 4062 considerabatur,
387 4002 577 4063 reperiebatur
590 4005 635 4054 lo·
679 4005 756 4054 nulio
778 4005 923 4066 praetextu
939 4006 983 4068 et,
1001 4003 1028 4050 id
1048 4003 1119 4066 qnod
1138 4015 1188 4053 ve-

128 4072 174 4130 qai
199 4074 229 4120 ut
256 4071 311 4122 bna
330 4073 453 4124 conecto
480 4072 566 4136 bello,
604 4076 635 4122 nt
679 4083 739 4126 rum
753 4075 830 4136 erat,
855 4073 938 4146 civite
957 4071 1071 4136 propter
1090 4073 1190 4126 betium
