<?xml version="1.0" encoding="UTF-8"?>
<!DOCTYPE html PUBLIC "-//W3C//DTD XHTML 1.0 Transitional//EN"
    "http://www.w3.org/TR/xhtml1/DTD/xhtml1-transitional.dtd">
<html xmlns="http://www.w3.org/1999/xhtml" xml:lang="en" lang="en">
 <head>
  <title>
</title>
<meta http-equiv="Content-Type" content="text/html;charset=utf-8" />
  <meta name='ocr-system' content='tesseract 3.04.00' />
  <meta name='ocr-capabilities' content='ocr_page ocr_carea ocr_par ocr_line ocrx_word'/>
</head>
<body>
  <div class='ocr_page' id='page_1' title='image "./ccorneliitaciti23tacigoog_0032.png"; bbox 0 0 2844 4798; ppageno 0'>
   <div class='ocr_carea' id='block_1_1' title="bbox 395 259 1198 346">
    <p class='ocr_par' dir='ltr' id='par_1_1' title="bbox 395 259 1198 346">
     <span class='ocr_line' id='line_1_1' title="bbox 395 259 1198 346; baseline 0.005 -20"><span class='ocrx_word' id='word_1_1' title='bbox 395 259 459 328; x_wconf 79' lang='lat' dir='ltr'><strong>DE</strong></span> <span class='ocrx_word' id='word_1_2' title='bbox 480 259 650 331; x_wconf 72' lang='lat' dir='ltr'><strong>TAclrl</strong></span> <span class='ocrx_word' id='word_1_3' title='bbox 671 259 903 332; x_wconf 71' lang='lat' dir='ltr'><strong>sunbona.</strong></span> <span class='ocrx_word' id='word_1_4' title='bbox 1109 285 1198 346; x_wconf 66' lang='lat' dir='ltr'><strong>surr</strong></span> 
     </span>
    </p>
   </div>
   <div class='ocr_carea' id='block_1_2' title="bbox 80 429 1267 3488">
    <p class='ocr_par' dir='ltr' id='par_1_2' title="bbox 127 429 1267 2152">
     <span class='ocr_line' id='line_1_2' title="bbox 236 429 1195 523; baseline 0.003 -25"><span class='ocrx_word' id='word_1_5' title='bbox 236 429 479 518; x_wconf 77' lang='lat' dir='ltr'><strong>sedquoniam</strong></span> <span class='ocrx_word' id='word_1_6' title='bbox 504 440 663 523; x_wconf 89' lang='lat' dir='ltr'><strong>perpetua</strong></span> <span class='ocrx_word' id='word_1_7' title='bbox 692 434 876 502; x_wconf 72' lang='lat' dir='ltr'><strong>honestatis</strong></span> <span class='ocrx_word' id='word_1_8' title='bbox 898 435 952 502; x_wconf 85' lang='lat' dir='ltr'><strong>vol</strong></span> <span class='ocrx_word' id='word_1_9' title='bbox 973 433 1118 500; x_wconf 74' lang='lat' dir='ltr'><strong>malitiae</strong></span> <span class='ocrx_word' id='word_1_10' title='bbox 1140 457 1195 502; x_wconf 92' lang='lat' dir='ltr'><strong>co-</strong></span> 
     </span>
     <span class='ocr_line' id='line_1_3' title="bbox 127 531 1195 620; baseline 0.006 -22"><span class='ocrx_word' id='word_1_11' title='bbox 127 531 252 616; x_wconf 70' lang='lat' dir='ltr'><strong>gitatio</strong></span> <span class='ocrx_word' id='word_1_12' title='bbox 279 532 458 620; x_wconf 87' lang='lat' dir='ltr'><strong>plurimum</strong></span> <span class='ocrx_word' id='word_1_13' title='bbox 489 537 579 602; x_wconf 84' lang='lat' dir='ltr'><strong>valet</strong></span> <span class='ocrx_word' id='word_1_14' title='bbox 610 535 651 600; x_wconf 90' lang='lat' dir='ltr'><strong>ad</strong></span> <span class='ocrx_word' id='word_1_15' title='bbox 690 534 845 618; x_wconf 73' lang='lat' dir='ltr'><strong>eronus,</strong></span> <span class='ocrx_word' id='word_1_16' title='bbox 887 533 1100 604; x_wconf 87' lang='lat' dir='ltr'><strong>concitatiore</strong></span> <span class='ocrx_word' id='word_1_17' title='bbox 1135 539 1195 604; x_wconf 91' lang='lat' dir='ltr'><strong>ills</strong></span> 
     </span>
     <span class='ocr_line' id='line_1_4' title="bbox 127 633 1192 722; baseline 0.003 -23"><span class='ocrx_word' id='word_1_18' title='bbox 127 655 232 721; x_wconf 81' lang='lat' dir='ltr'><strong>quam</strong></span> <span class='ocrx_word' id='word_1_19' title='bbox 257 633 488 722; x_wconf 83' lang='lat' dir='ltr'><strong>tranquilliore</strong></span> <span class='ocrx_word' id='word_1_20' title='bbox 510 637 611 703; x_wconf 83' lang='lat' dir='ltr'><strong>animi</strong></span> <span class='ocrx_word' id='word_1_21' title='bbox 640 636 755 703; x_wconf 89' lang='lat' dir='ltr'><strong>babitu</strong></span> <span class='ocrx_word' id='word_1_22' title='bbox 783 638 929 704; x_wconf 86' lang='lat' dir='ltr'><strong>scribere</strong></span> <span class='ocrx_word' id='word_1_23' title='bbox 950 639 1055 719; x_wconf 86' lang='lat' dir='ltr'><strong>solut,</strong></span> <span class='ocrx_word' id='word_1_24' title='bbox 1084 643 1122 702; x_wconf 90' lang='lat' dir='ltr'><strong>ut</strong></span> <span class='ocrx_word' id='word_1_25' title='bbox 1150 637 1192 702; x_wconf 94' lang='lat' dir='ltr'><strong>ab</strong></span> 
     </span>
     <span class='ocr_line' id='line_1_5' title="bbox 129 736 1192 830; baseline 0.002 -28"><span class='ocrx_word' id='word_1_26' title='bbox 129 736 254 804; x_wconf 87' lang='lat' dir='ltr'><strong>ardore</strong></span> <span class='ocrx_word' id='word_1_27' title='bbox 275 738 413 803; x_wconf 85' lang='lat' dir='ltr'><strong>iuvenili</strong></span> <span class='ocrx_word' id='word_1_28' title='bbox 442 741 547 804; x_wconf 86' lang='lat' dir='ltr'><strong>multo</strong></span> <span class='ocrx_word' id='word_1_29' title='bbox 569 741 707 830; x_wconf 91' lang='lat' dir='ltr'><strong>propius</strong></span> <span class='ocrx_word' id='word_1_30' title='bbox 735 739 851 808; x_wconf 86' lang='lat' dir='ltr'><strong>abesse</strong></span> <span class='ocrx_word' id='word_1_31' title='bbox 877 737 1029 808; x_wconf 81' lang='lat' dir='ltr'><strong>videntur</strong></span> <span class='ocrx_word' id='word_1_32' title='bbox 1050 751 1147 828; x_wconf 84' lang='lat' dir='ltr'><strong>quam</strong></span> <span class='ocrx_word' id='word_1_33' title='bbox 1172 761 1192 804; x_wconf 89' lang='lat' dir='ltr'><strong>a</strong></span> 
     </span>
     <span class='ocr_line' id='line_1_6' title="bbox 129 839 1192 934; baseline 0.004 -30"><span class='ocrx_word' id='word_1_34' title='bbox 129 840 232 906; x_wconf 89' lang='lat' dir='ltr'><strong>senili</strong></span> <span class='ocrx_word' id='word_1_35' title='bbox 266 839 484 908; x_wconf 77' lang='lat' dir='ltr'><strong>maturitate·</strong></span> <span class='ocrx_word' id='word_1_36' title='bbox 540 839 650 928; x_wconf 74' lang='lat' dir='ltr'><strong>Igitur</strong></span> <span class='ocrx_word' id='word_1_37' title='bbox 678 843 725 908; x_wconf 87' lang='lat' dir='ltr'><strong>ita</strong></span> <span class='ocrx_word' id='word_1_38' title='bbox 762 843 878 934; x_wconf 82' lang='lat' dir='ltr'><strong>all&#39;ecto</strong></span> <span class='ocrx_word' id='word_1_39' title='bbox 908 842 1058 910; x_wconf 87' lang='lat' dir='ltr'><strong>convenit</strong></span> <span class='ocrx_word' id='word_1_40' title='bbox 1084 841 1192 908; x_wconf 89' lang='lat' dir='ltr'><strong>oratio</strong></span> 
     </span>
     <span class='ocr_line' id='line_1_7' title="bbox 129 940 1267 1032; baseline 0.004 -26"><span class='ocrx_word' id='word_1_41' title='bbox 129 940 340 1011; x_wconf 70' lang='lat' dir='ltr'><strong>concitatior.</strong></span> <span class='ocrx_word' id='word_1_42' title='bbox 384 941 443 1024; x_wconf 85' lang='lat' dir='ltr'><strong>Ea,</strong></span> <span class='ocrx_word' id='word_1_43' title='bbox 463 951 502 1010; x_wconf 92' lang='lat' dir='ltr'><strong>ut</strong></span> <span class='ocrx_word' id='word_1_44' title='bbox 525 942 624 1008; x_wconf 82' lang='lat' dir='ltr'><strong>verbo</strong></span> <span class='ocrx_word' id='word_1_45' title='bbox 647 943 857 1030; x_wconf 84' lang='lat' dir='ltr'><strong>complectar,</strong></span> <span class='ocrx_word' id='word_1_46' title='bbox 876 943 993 1032; x_wconf 86' lang='lat' dir='ltr'><strong>rapida</strong></span> <span class='ocrx_word' id='word_1_47' title='bbox 1014 950 1084 1025; x_wconf 67' lang='lat' dir='ltr'><strong>ests</strong></span> <span class='ocrx_word' id='word_1_48' title='bbox 1107 965 1198 1011; x_wconf 60' lang='lat' dir='ltr'><strong>sorum</strong></span> <span class='ocrx_word' id='word_1_49' title='bbox 1262 995 1267 1002; x_wconf 85' lang='lat'>.</span> 
     </span>
     <span class='ocr_line' id='line_1_8' title="bbox 128 1041 1192 1134; baseline 0.005 -27"><span class='ocrx_word' id='word_1_50' title='bbox 128 1063 194 1132; x_wconf 92' lang='lat' dir='ltr'><strong>per</strong></span> <span class='ocrx_word' id='word_1_51' title='bbox 225 1041 268 1107; x_wconf 87' lang='lat' dir='ltr'><strong>ad</strong></span> <span class='ocrx_word' id='word_1_52' title='bbox 297 1051 448 1110; x_wconf 88' lang='lat' dir='ltr'><strong>eventum</strong></span> <span class='ocrx_word' id='word_1_53' title='bbox 475 1045 629 1124; x_wconf 82' lang='lat' dir='ltr'><strong>festinat,</strong></span> <span class='ocrx_word' id='word_1_54' title='bbox 661 1065 770 1111; x_wconf 85' lang='lat' dir='ltr'><strong>morae</strong></span> <span class='ocrx_word' id='word_1_55' title='bbox 801 1047 987 1134; x_wconf 84' lang='lat' dir='ltr'><strong>impatiens.</strong></span> <span class='ocrx_word' id='word_1_56' title='bbox 1036 1044 1109 1113; x_wconf 85' lang='lat' dir='ltr'><strong>Neo</strong></span> <span class='ocrx_word' id='word_1_57' title='bbox 1136 1069 1192 1112; x_wconf 92' lang='lat' dir='ltr'><strong>su-</strong></span> 
     </span>
     <span class='ocr_line' id='line_1_9' title="bbox 129 1143 1191 1233; baseline 0.004 -21"><span class='ocrx_word' id='word_1_58' title='bbox 129 1152 211 1233; x_wconf 89' lang='lat' dir='ltr'><strong>opte</strong></span> <span class='ocrx_word' id='word_1_59' title='bbox 234 1151 363 1218; x_wconf 83' lang='lat' dir='ltr'><strong>tautum</strong></span> <span class='ocrx_word' id='word_1_60' title='bbox 391 1149 521 1233; x_wconf 75' lang='lat' dir='ltr'><strong>iugenio</strong></span> <span class='ocrx_word' id='word_1_61' title='bbox 548 1143 583 1212; x_wconf 88' lang='lat' dir='ltr'><strong>id</strong></span> <span class='ocrx_word' id='word_1_62' title='bbox 606 1145 706 1224; x_wconf 86' lang='lat' dir='ltr'><strong>lecit,</strong></span> <span class='ocrx_word' id='word_1_63' title='bbox 733 1143 793 1212; x_wconf 87' lang='lat' dir='ltr'><strong>ssd</strong></span> <span class='ocrx_word' id='word_1_64' title='bbox 817 1145 942 1212; x_wconf 83' lang='lat' dir='ltr'><strong>saeculi</strong></span> <span class='ocrx_word' id='word_1_65' title='bbox 971 1149 1025 1216; x_wconf 87' lang='lat' dir='ltr'><strong>sui</strong></span> <span class='ocrx_word' id='word_1_66' title='bbox 1054 1148 1191 1216; x_wconf 87' lang='lat' dir='ltr'><strong>auribus</strong></span> 
     </span>
     <span class='ocr_line' id='line_1_10' title="bbox 133 1247 1191 1338; baseline 0.003 -25"><span class='ocrx_word' id='word_1_67' title='bbox 133 1247 392 1338; x_wconf 77' lang='lat' dir='ltr'><strong>accommodavit</strong></span> <span class='ocrx_word' id='word_1_68' title='bbox 426 1247 557 1314; x_wconf 88' lang='lat' dir='ltr'><strong>modum</strong></span> <span class='ocrx_word' id='word_1_69' title='bbox 593 1247 762 1319; x_wconf 90' lang='lat' dir='ltr'><strong>narrandi.</strong></span> <span class='ocrx_word' id='word_1_70' title='bbox 828 1247 917 1316; x_wconf 87' lang='lat' dir='ltr'><strong>Nam</strong></span> <span class='ocrx_word' id='word_1_71' title='bbox 952 1254 990 1312; x_wconf 90' lang='lat' dir='ltr'><strong>ut</strong></span> <span class='ocrx_word' id='word_1_72' title='bbox 1025 1250 1191 1338; x_wconf 71' lang='lat' dir='ltr'><strong>corruptis</strong></span> 
     </span>
     <span class='ocr_line' id='line_1_11' title="bbox 133 1346 1194 1440; baseline 0.001 -24"><span class='ocrx_word' id='word_1_73' title='bbox 133 1349 283 1417; x_wconf 85' lang='lat' dir='ltr'><strong>moribus</strong></span> <span class='ocrx_word' id='word_1_74' title='bbox 306 1349 503 1430; x_wconf 74' lang='lat' dir='ltr'><strong>derisores,</strong></span> <span class='ocrx_word' id='word_1_75' title='bbox 530 1347 629 1415; x_wconf 89' lang='lat' dir='ltr'><strong>simul</strong></span> <span class='ocrx_word' id='word_1_76' title='bbox 657 1346 821 1416; x_wconf 74' lang='lat' dir='ltr'><strong>lassitudo</strong></span> <span class='ocrx_word' id='word_1_77' title='bbox 843 1357 878 1415; x_wconf 88' lang='lat' dir='ltr'><strong>ct</strong></span> <span class='ocrx_word' id='word_1_78' title='bbox 903 1349 1033 1434; x_wconf 79' lang='lat' dir='ltr'><strong>ignavis</strong></span> <span class='ocrx_word' id='word_1_79' title='bbox 1054 1371 1194 1440; x_wconf 78' lang='lat' dir='ltr'><strong>occupa·</strong></span> 
     </span>
     <span class='ocr_line' id='line_1_12' title="bbox 132 1450 1191 1537; baseline 0.004 -19"><span class='ocrx_word' id='word_1_80' title='bbox 132 1457 230 1518; x_wconf 81' lang='lat' dir='ltr'><strong>usrat</strong></span> <span class='ocrx_word' id='word_1_81' title='bbox 244 1451 403 1532; x_wconf 74' lang='lat' dir='ltr'><strong>anime,</strong></span> <span class='ocrx_word' id='word_1_82' title='bbox 432 1453 533 1519; x_wconf 87' lang='lat' dir='ltr'><strong>simul</strong></span> <span class='ocrx_word' id='word_1_83' title='bbox 560 1457 595 1518; x_wconf 88' lang='lat' dir='ltr'><strong>et</strong></span> <span class='ocrx_word' id='word_1_84' title='bbox 624 1471 723 1536; x_wconf 79' lang='lat' dir='ltr'><strong>aegra</strong></span> <span class='ocrx_word' id='word_1_85' title='bbox 748 1450 908 1537; x_wconf 87' lang='lat' dir='ltr'><strong>quasdam</strong></span> <span class='ocrx_word' id='word_1_86' title='bbox 932 1453 1114 1520; x_wconf 77' lang='lat' dir='ltr'><strong>coleritatis</strong></span> <span class='ocrx_word' id='word_1_87' title='bbox 1137 1475 1191 1522; x_wconf 88' lang='lat' dir='ltr'><strong>cu-</strong></span> 
     </span>
     <span class='ocr_line' id='line_1_13' title="bbox 132 1535 1190 1642; baseline 0.004 -23"><span class='ocrx_word' id='word_1_88' title='bbox 132 1535 237 1632; x_wconf 76' lang='lat' dir='ltr'><strong>risis,</strong></span> <span class='ocrx_word' id='word_1_89' title='bbox 267 1549 342 1618; x_wconf 90' lang='lat' dir='ltr'><strong>dum</strong></span> <span class='ocrx_word' id='word_1_90' title='bbox 365 1575 450 1640; x_wconf 86' lang='lat' dir='ltr'><strong>quae</strong></span> <span class='ocrx_word' id='word_1_91' title='bbox 479 1552 604 1620; x_wconf 85' lang='lat' dir='ltr'><strong>mediae</strong></span> <span class='ocrx_word' id='word_1_92' title='bbox 631 1554 720 1618; x_wconf 87' lang='lat' dir='ltr'><strong>iuter</strong></span> <span class='ocrx_word' id='word_1_93' title='bbox 749 1553 825 1620; x_wconf 88' lang='lat' dir='ltr'><strong>illas</strong></span> <span class='ocrx_word' id='word_1_94' title='bbox 858 1561 935 1620; x_wconf 91' lang='lat' dir='ltr'><strong>suut</strong></span> <span class='ocrx_word' id='word_1_95' title='bbox 963 1555 1190 1642; x_wconf 83' lang='lat' dir='ltr'><strong>tranquillitas</strong></span> 
     </span>
     <span class='ocr_line' id='line_1_14' title="bbox 134 1655 1192 1744; baseline 0.003 -24"><span class='ocrx_word' id='word_1_96' title='bbox 134 1655 237 1720; x_wconf 89' lang='lat' dir='ltr'><strong>animi</strong></span> <span class='ocrx_word' id='word_1_97' title='bbox 257 1662 291 1720; x_wconf 89' lang='lat' dir='ltr'><strong>st</strong></span> <span class='ocrx_word' id='word_1_98' title='bbox 311 1660 437 1725; x_wconf 87' lang='lat' dir='ltr'><strong>sanitas</strong></span> <span class='ocrx_word' id='word_1_99' title='bbox 458 1655 589 1744; x_wconf 81' lang='lat' dir='ltr'><strong>vigoris·</strong></span> <span class='ocrx_word' id='word_1_100' title='bbox 602 1656 715 1744; x_wconf 86' lang='lat' dir='ltr'><strong>pannis</strong></span> <span class='ocrx_word' id='word_1_101' title='bbox 737 1655 940 1741; x_wconf 80' lang='lat' dir='ltr'><strong>contingunt.</strong></span> <span class='ocrx_word' id='word_1_102' title='bbox 991 1655 1080 1742; x_wconf 76' lang='lat' dir='ltr'><strong>Ergo</strong></span> <span class='ocrx_word' id='word_1_103' title='bbox 1102 1655 1192 1744; x_wconf 88' lang='lat' dir='ltr'><strong>quod</strong></span> 
     </span>
     <span class='ocr_line' id='line_1_15' title="bbox 135 1755 1192 1846; baseline 0.003 -22"><span class='ocrx_word' id='word_1_104' title='bbox 135 1757 215 1824; x_wconf 88' lang='lat' dir='ltr'><strong>olim</strong></span> <span class='ocrx_word' id='word_1_105' title='bbox 243 1756 381 1846; x_wconf 81' lang='lat' dir='ltr'><strong>simplos</strong></span> <span class='ocrx_word' id='word_1_106' title='bbox 410 1767 446 1826; x_wconf 91' lang='lat' dir='ltr'><strong>ot</strong></span> <span class='ocrx_word' id='word_1_107' title='bbox 473 1759 677 1826; x_wconf 88' lang='lat' dir='ltr'><strong>moderatum</strong></span> <span class='ocrx_word' id='word_1_108' title='bbox 705 1755 905 1840; x_wconf 82' lang='lat' dir='ltr'><strong>habebatur,</strong></span> <span class='ocrx_word' id='word_1_109' title='bbox 947 1765 1024 1826; x_wconf 85' lang='lat' dir='ltr'><strong>tuuo</strong></span> <span class='ocrx_word' id='word_1_110' title='bbox 1053 1761 1192 1846; x_wconf 80' lang='lat' dir='ltr'><strong>lentum,</strong></span> 
     </span>
     <span class='ocr_line' id='line_1_16' title="bbox 135 1859 1192 1951; baseline 0.004 -25"><span class='ocrx_word' id='word_1_111' title='bbox 135 1860 242 1942; x_wconf 89' lang='lat' dir='ltr'><strong>iners,</strong></span> <span class='ocrx_word' id='word_1_112' title='bbox 276 1860 417 1928; x_wconf 86' lang='lat' dir='ltr'><strong>otiosum</strong></span> <span class='ocrx_word' id='word_1_113' title='bbox 444 1859 549 1928; x_wconf 82' lang='lat' dir='ltr'><strong>videri</strong></span> <span class='ocrx_word' id='word_1_114' title='bbox 575 1883 637 1948; x_wconf 88' lang='lat' dir='ltr'><strong>par</strong></span> <span class='ocrx_word' id='word_1_115' title='bbox 664 1868 746 1930; x_wconf 85' lang='lat' dir='ltr'><strong>crat.</strong></span> <span class='ocrx_word' id='word_1_116' title='bbox 795 1859 914 1949; x_wconf 85' lang='lat' dir='ltr'><strong>ltaque</strong></span> <span class='ocrx_word' id='word_1_117' title='bbox 943 1861 1043 1928; x_wconf 88' lang='lat' dir='ltr'><strong>simul</strong></span> <span class='ocrx_word' id='word_1_118' title='bbox 1072 1867 1192 1951; x_wconf 71' lang='lat' dir='ltr'><strong>suapte</strong></span> 
     </span>
     <span class='ocr_line' id='line_1_17' title="bbox 136 1959 1192 2062; baseline 0.007 -36"><span class='ocrx_word' id='word_1_119' title='bbox 136 1969 257 2054; x_wconf 68' lang='lat' dir='ltr'><strong>satura</strong></span> <span class='ocrx_word' id='word_1_120' title='bbox 278 1959 378 2028; x_wconf 90' lang='lat' dir='ltr'><strong>simul</strong></span> <span class='ocrx_word' id='word_1_121' title='bbox 406 1964 529 2030; x_wconf 86' lang='lat' dir='ltr'><strong>saeculi</strong></span> <span class='ocrx_word' id='word_1_122' title='bbox 558 1963 612 2030; x_wconf 87' lang='lat' dir='ltr'><strong>sui</strong></span> <span class='ocrx_word' id='word_1_123' title='bbox 637 1961 769 2028; x_wconf 85' lang='lat' dir='ltr'><strong>iudiciis</strong></span> <span class='ocrx_word' id='word_1_124' title='bbox 793 1963 933 2036; x_wconf 75' lang='lat' dir='ltr'><strong>Tacitus</strong></span> <span class='ocrx_word' id='word_1_125' title='bbox 960 1963 1003 2062; x_wconf 80' lang='lat' dir='ltr'><strong>ad</strong></span> <span class='ocrx_word' id='word_1_126' title='bbox 1031 1963 1192 2032; x_wconf 79' lang='lat' dir='ltr'><strong>festinau-</strong></span> 
     </span>
     <span class='ocr_line' id='line_1_18' title="bbox 135 2061 740 2152; baseline 0.007 -22"><span class='ocrx_word' id='word_1_127' title='bbox 135 2064 205 2132; x_wconf 89' lang='lat' dir='ltr'><strong>tius</strong></span> <span class='ocrx_word' id='word_1_128' title='bbox 228 2061 358 2130; x_wconf 87' lang='lat' dir='ltr'><strong>dicendi</strong></span> <span class='ocrx_word' id='word_1_129' title='bbox 376 2085 478 2150; x_wconf 78' lang='lat' dir='ltr'><strong>genus</strong></span> <span class='ocrx_word' id='word_1_130' title='bbox 498 2065 740 2152; x_wconf 72' lang='lat' dir='ltr'><strong>impellebatur.</strong></span> 
     </span>
    </p>

    <p class='ocr_par' dir='ltr' id='par_1_3' title="bbox 134 2163 1219 2768">
     <span class='ocr_line' id='line_1_19' title="bbox 234 2163 1219 2254; baseline 0.005 -24"><span class='ocrx_word' id='word_1_131' title='bbox 234 2163 409 2232; x_wconf 83' lang='lat' dir='ltr'><strong>Enimuero</strong></span> <span class='ocrx_word' id='word_1_132' title='bbox 442 2169 601 2234; x_wconf 81' lang='lat' dir='ltr'><strong>uelocitas</strong></span> <span class='ocrx_word' id='word_1_133' title='bbox 647 2167 792 2254; x_wconf 86' lang='lat' dir='ltr'><strong>adeoque</strong></span> <span class='ocrx_word' id='word_1_134' title='bbox 831 2165 992 2254; x_wconf 86' lang='lat' dir='ltr'><strong>rapiditas</strong></span> <span class='ocrx_word' id='word_1_135' title='bbox 1025 2167 1219 2235; x_wconf 72' lang='lat' dir='ltr'><strong>contraria</strong></span> 
     </span>
     <span class='ocr_line' id='line_1_20' title="bbox 134 2261 1190 2353; baseline 0 -17"><span class='ocrx_word' id='word_1_136' title='bbox 134 2261 189 2336; x_wconf 75' lang='lat' dir='ltr'><strong>est</strong></span> <span class='ocrx_word' id='word_1_137' title='bbox 209 2265 383 2353; x_wconf 74' lang='lat' dir='ltr'><strong>gravitati,</strong></span> <span class='ocrx_word' id='word_1_138' title='bbox 415 2287 499 2352; x_wconf 87' lang='lat' dir='ltr'><strong>quaa</strong></span> <span class='ocrx_word' id='word_1_139' title='bbox 523 2269 629 2336; x_wconf 81' lang='lat' dir='ltr'><strong>virtus</strong></span> <span class='ocrx_word' id='word_1_140' title='bbox 650 2293 669 2336; x_wconf 93' lang='lat' dir='ltr'><strong>a</strong></span> <span class='ocrx_word' id='word_1_141' title='bbox 691 2269 875 2336; x_wconf 63' lang='lat' dir='ltr'><strong>consuntia</strong></span> <span class='ocrx_word' id='word_1_142' title='bbox 905 2277 940 2336; x_wconf 85' lang='lat' dir='ltr'><strong>st</strong></span> <span class='ocrx_word' id='word_1_143' title='bbox 967 2269 1190 2338; x_wconf 85' lang='lat' dir='ltr'><strong>moderatione</strong></span> 
     </span>
     <span class='ocr_line' id='line_1_21' title="bbox 135 2370 1191 2460; baseline 0.003 -23"><span class='ocrx_word' id='word_1_144' title='bbox 135 2370 286 2460; x_wconf 78' lang='lat' dir='ltr'><strong>separari</strong></span> <span class='ocrx_word' id='word_1_145' title='bbox 313 2375 465 2456; x_wconf 84' lang='lat' dir='ltr'><strong>nequeat.</strong></span> <span class='ocrx_word' id='word_1_146' title='bbox 523 2371 632 2459; x_wconf 81' lang='lat' dir='ltr'><strong>Atqui</strong></span> <span class='ocrx_word' id='word_1_147' title='bbox 662 2371 807 2458; x_wconf 77' lang='lat' dir='ltr'><strong>gravitas</strong></span> <span class='ocrx_word' id='word_1_148' title='bbox 836 2389 908 2436; x_wconf 88' lang='lat' dir='ltr'><strong>oum</strong></span> <span class='ocrx_word' id='word_1_149' title='bbox 943 2372 1076 2460; x_wconf 87' lang='lat' dir='ltr'><strong>propria</strong></span> <span class='ocrx_word' id='word_1_150' title='bbox 1105 2371 1191 2440; x_wconf 90' lang='lat' dir='ltr'><strong>anti·</strong></span> 
     </span>
     <span class='ocr_line' id='line_1_22' title="bbox 135 2471 1190 2560; baseline 0.004 -22"><span class='ocrx_word' id='word_1_151' title='bbox 135 2475 250 2560; x_wconf 81' lang='lat' dir='ltr'><strong>quitus</strong></span> <span class='ocrx_word' id='word_1_152' title='bbox 274 2475 310 2536; x_wconf 90' lang='lat' dir='ltr'><strong>ot</strong></span> <span class='ocrx_word' id='word_1_153' title='bbox 335 2471 530 2539; x_wconf 62' lang='lat' dir='ltr'><strong>necessaria*</strong></span> <span class='ocrx_word' id='word_1_154' title='bbox 548 2474 690 2540; x_wconf 74' lang='lat' dir='ltr'><strong>nmmum</strong></span> <span class='ocrx_word' id='word_1_155' title='bbox 720 2493 880 2540; x_wconf 88' lang='lat' dir='ltr'><strong>oousousu</strong></span> <span class='ocrx_word' id='word_1_156' title='bbox 908 2481 997 2540; x_wconf 88' lang='lat' dir='ltr'><strong>esset</strong></span> <span class='ocrx_word' id='word_1_157' title='bbox 1024 2473 1190 2555; x_wconf 79' lang='lat' dir='ltr'><strong>bistoniis3</strong></span> 
     </span>
     <span class='ocr_line' id='line_1_23' title="bbox 136 2571 1190 2668; baseline -0.002 -26"><span class='ocrx_word' id='word_1_158' title='bbox 136 2581 209 2642; x_wconf 76' lang='lat' dir='ltr'><strong>arto</strong></span> <span class='ocrx_word' id='word_1_159' title='bbox 235 2571 375 2660; x_wconf 86' lang='lat' dir='ltr'><strong>quadam</strong></span> <span class='ocrx_word' id='word_1_160' title='bbox 399 2593 482 2660; x_wconf 82' lang='lat' dir='ltr'><strong>opus</strong></span> <span class='ocrx_word' id='word_1_161' title='bbox 503 2575 569 2642; x_wconf 87' lang='lat' dir='ltr'><strong>fuit</strong></span> <span class='ocrx_word' id='word_1_162' title='bbox 589 2584 627 2644; x_wconf 92' lang='lat' dir='ltr'><strong>ut</strong></span> <span class='ocrx_word' id='word_1_163' title='bbox 653 2577 814 2668; x_wconf 88' lang='lat' dir='ltr'><strong>rapiditas</strong></span> <span class='ocrx_word' id='word_1_164' title='bbox 840 2575 1000 2662; x_wconf 70' lang='lat' dir='ltr'><strong>grauitate</strong></span> <span class='ocrx_word' id='word_1_165' title='bbox 1027 2583 1190 2664; x_wconf 85' lang='lat' dir='ltr'><strong>tempora-</strong></span> 
     </span>
     <span class='ocr_line' id='line_1_24' title="bbox 136 2673 1190 2768; baseline 0 -24"><span class='ocrx_word' id='word_1_166' title='bbox 136 2685 242 2746; x_wconf 87' lang='lat' dir='ltr'><strong>rotnr.</strong></span> <span class='ocrx_word' id='word_1_167' title='bbox 284 2675 331 2742; x_wconf 86' lang='lat' dir='ltr'><strong>Et</strong></span> <span class='ocrx_word' id='word_1_168' title='bbox 344 2673 504 2742; x_wconf 71' lang='lat' dir='ltr'><strong>collibuit</strong></span> <span class='ocrx_word' id='word_1_169' title='bbox 530 2698 591 2762; x_wconf 93' lang='lat' dir='ltr'><strong>pro</strong></span> <span class='ocrx_word' id='word_1_170' title='bbox 614 2685 869 2768; x_wconf 86' lang='lat' dir='ltr'><strong>temperamento</strong></span> <span class='ocrx_word' id='word_1_171' title='bbox 888 2675 1028 2746; x_wconf 77' lang='lat' dir='ltr'><strong>Tacitus</strong></span> <span class='ocrx_word' id='word_1_172' title='bbox 1052 2675 1190 2764; x_wconf 76' lang='lat' dir='ltr'><strong>diligan-</strong></span> 
     </span>
    </p>

    <p class='ocr_par' dir='ltr' id='par_1_4' title="bbox 80 2775 799 2866">
     <span class='ocr_line' id='line_1_25' title="bbox 80 2775 799 2866; baseline -0.013 -17"><span class='ocrx_word' id='word_1_173' title='bbox 80 2863 82 2866; x_wconf 84' lang='lat'>.</span> <span class='ocrx_word' id='word_1_174' title='bbox 136 2781 299 2848; x_wconf 83' lang='lat' dir='ltr'><strong>tissimum</strong></span> <span class='ocrx_word' id='word_1_175' title='bbox 321 2783 457 2861; x_wconf 86' lang='lat' dir='ltr'><strong>ornatae</strong></span> <span class='ocrx_word' id='word_1_176' title='bbox 476 2775 631 2846; x_wconf 90' lang='lat' dir='ltr'><strong>dictionis</strong></span> <span class='ocrx_word' id='word_1_177' title='bbox 653 2802 799 2851; x_wconf 86' lang='lat' dir='ltr'><strong>curam..</strong></span> 
     </span>
    </p>

    <p class='ocr_par' dir='ltr' id='par_1_5' title="bbox 137 2875 1191 3488">
     <span class='ocr_line' id='line_1_26' title="bbox 236 2875 1190 2969; baseline -0.007 -22"><span class='ocrx_word' id='word_1_178' title='bbox 236 2878 367 2969; x_wconf 79' lang='lat' dir='ltr'><strong>Quodsi</strong></span> <span class='ocrx_word' id='word_1_179' title='bbox 396 2878 442 2944; x_wconf 92' lang='lat' dir='ltr'><strong>de.</strong></span> <span class='ocrx_word' id='word_1_180' title='bbox 458 2878 571 2946; x_wconf 84' lang='lat' dir='ltr'><strong>Taciti</strong></span> <span class='ocrx_word' id='word_1_181' title='bbox 598 2901 747 2952; x_wconf 85' lang='lat' dir='ltr'><strong>sermono</strong></span> <span class='ocrx_word' id='word_1_182' title='bbox 776 2883 856 2948; x_wconf 86' lang='lat' dir='ltr'><strong>mibi</strong></span> <span class='ocrx_word' id='word_1_183' title='bbox 882 2879 998 2968; x_wconf 85' lang='lat' dir='ltr'><strong>paucis</strong></span> <span class='ocrx_word' id='word_1_184' title='bbox 1025 2875 1190 2944; x_wconf 86' lang='lat' dir='ltr'><strong>disseren-</strong></span> 
     </span>
     <span class='ocr_line' id='line_1_27' title="bbox 137 2975 1190 3072; baseline -0.011 -19"><span class='ocrx_word' id='word_1_185' title='bbox 137 2986 214 3068; x_wconf 86' lang='lat' dir='ltr'><strong>dum</strong></span> <span class='ocrx_word' id='word_1_186' title='bbox 235 2991 305 3065; x_wconf 87' lang='lat' dir='ltr'><strong>cst,</strong></span> <span class='ocrx_word' id='word_1_187' title='bbox 325 2983 466 3071; x_wconf 81' lang='lat' dir='ltr'><strong>primunr</strong></span> <span class='ocrx_word' id='word_1_188' title='bbox 489 3003 662 3070; x_wconf 82' lang='lat' dir='ltr'><strong>exponam,</strong></span> <span class='ocrx_word' id='word_1_189' title='bbox 684 2985 804 3072; x_wconf 86' lang='lat' dir='ltr'><strong>quibus</strong></span> <span class='ocrx_word' id='word_1_190' title='bbox 826 2985 971 3066; x_wconf 86' lang='lat' dir='ltr'><strong>artibus,</strong></span> <span class='ocrx_word' id='word_1_191' title='bbox 988 2981 1067 3068; x_wconf 89' lang='lat' dir='ltr'><strong>quin</strong></span> <span class='ocrx_word' id='word_1_192' title='bbox 1089 2975 1190 3044; x_wconf 88' lang='lat' dir='ltr'><strong>otiam</strong></span> 
     </span>
     <span class='ocr_line' id='line_1_28' title="bbox 137 3079 1191 3186; baseline -0.009 -31"><span class='ocrx_word' id='word_1_193' title='bbox 137 3089 258 3178; x_wconf 78' lang='lat' dir='ltr'><strong>quibus</strong></span> <span class='ocrx_word' id='word_1_194' title='bbox 279 3085 430 3154; x_wconf 79' lang='lat' dir='ltr'><strong>artificiis</strong></span> <span class='ocrx_word' id='word_1_195' title='bbox 455 3085 552 3152; x_wconf 83' lang='lat' dir='ltr'><strong>bravo</strong></span> <span class='ocrx_word' id='word_1_196' title='bbox 581 3083 666 3151; x_wconf 89' lang='lat' dir='ltr'><strong>illud</strong></span> <span class='ocrx_word' id='word_1_197' title='bbox 689 3084 819 3180; x_wconf 85' lang='lat' dir='ltr'><strong>dicendi</strong></span> <span class='ocrx_word' id='word_1_198' title='bbox 847 3107 949 3186; x_wconf 73' lang='lat' dir='ltr'><strong>genus</strong></span> <span class='ocrx_word' id='word_1_199' title='bbox 978 3087 1112 3152; x_wconf 86' lang='lat' dir='ltr'><strong>secutus</strong></span> <span class='ocrx_word' id='word_1_200' title='bbox 1134 3079 1191 3160; x_wconf 87' lang='lat' dir='ltr'><strong>sit,</strong></span> 
     </span>
     <span class='ocr_line' id='line_1_29' title="bbox 137 3181 1191 3282; baseline -0.01 -26"><span class='ocrx_word' id='word_1_201' title='bbox 137 3191 225 3282; x_wconf 76' lang='lat' dir='ltr'><strong>quud</strong></span> <span class='ocrx_word' id='word_1_202' title='bbox 247 3198 288 3257; x_wconf 90' lang='lat' dir='ltr'><strong>ut</strong></span> <span class='ocrx_word' id='word_1_203' title='bbox 313 3181 483 3276; x_wconf 88' lang='lat' dir='ltr'><strong>proprium</strong></span> <span class='ocrx_word' id='word_1_204' title='bbox 508 3207 545 3251; x_wconf 86' lang='lat' dir='ltr'><strong>uo</strong></span> <span class='ocrx_word' id='word_1_205' title='bbox 575 3187 742 3274; x_wconf 78' lang='lat' dir='ltr'><strong>peculiare</strong></span> <span class='ocrx_word' id='word_1_206' title='bbox 768 3185 1021 3274; x_wconf 82' lang='lat' dir='ltr'><strong>buin-scripturi</strong></span> <span class='ocrx_word' id='word_1_207' title='bbox 1049 3181 1191 3250; x_wconf 88' lang='lat' dir='ltr'><strong>admira-</strong></span> 
     </span>
     <span class='ocr_line' id='line_1_30' title="bbox 137 3286 1191 3377; baseline -0.013 -13"><span class='ocrx_word' id='word_1_208' title='bbox 137 3316 232 3372; x_wconf 88' lang='lat' dir='ltr'><strong>mur,</strong></span> <span class='ocrx_word' id='word_1_209' title='bbox 258 3289 375 3359; x_wconf 79' lang='lat' dir='ltr'><strong>deiude</strong></span> <span class='ocrx_word' id='word_1_210' title='bbox 397 3287 517 3376; x_wconf 84' lang='lat' dir='ltr'><strong>quibus</strong></span> <span class='ocrx_word' id='word_1_211' title='bbox 539 3289 656 3377; x_wconf 89' lang='lat' dir='ltr'><strong>opibus</strong></span> <span class='ocrx_word' id='word_1_212' title='bbox 677 3287 824 3372; x_wconf 75' lang='lat' dir='ltr'><strong>effecerit</strong></span> <span class='ocrx_word' id='word_1_213' title='bbox 845 3295 882 3356; x_wconf 90' lang='lat' dir='ltr'><strong>ut</strong></span> <span class='ocrx_word' id='word_1_214' title='bbox 901 3289 1012 3377; x_wconf 81' lang='lat' dir='ltr'><strong>gravis</strong></span> <span class='ocrx_word' id='word_1_215' title='bbox 1033 3286 1132 3356; x_wconf 88' lang='lat' dir='ltr'><strong>otiam</strong></span> <span class='ocrx_word' id='word_1_216' title='bbox 1155 3290 1191 3353; x_wconf 86' lang='lat' dir='ltr'><strong>st</strong></span> 
     </span>
     <span class='ocr_line' id='line_1_31' title="bbox 138 3391 794 3488; baseline -0.011 -22"><span class='ocrx_word' id='word_1_217' title='bbox 138 3399 254 3488; x_wconf 84' lang='lat' dir='ltr'><strong>pulcra</strong></span> <span class='ocrx_word' id='word_1_218' title='bbox 275 3391 388 3464; x_wconf 87' lang='lat' dir='ltr'><strong>oudam</strong></span> <span class='ocrx_word' id='word_1_219' title='bbox 409 3391 569 3460; x_wconf 77' lang='lat' dir='ltr'><strong>habeatur</strong></span> <span class='ocrx_word' id='word_1_220' title='bbox 589 3392 696 3460; x_wconf 88' lang='lat' dir='ltr'><strong>oratio</strong></span> <span class='ocrx_word' id='word_1_221' title='bbox 714 3392 757 3479; x_wconf 87' lang='lat'><strong>¹).</strong></span> <span class='ocrx_word' id='word_1_222' title='bbox 791 3480 794 3486; x_wconf 19' lang='grc' dir='ltr'><strong><em>Ι</em></strong></span> 
     </span>
    </p>
   </div>
   <div class='ocr_carea' id='block_1_3' title="bbox 236 3489 1191 3612">
    <p class='ocr_par' dir='ltr' id='par_1_6' title="bbox 236 3489 1191 3612">
     <span class='ocr_line' id='line_1_32' title="bbox 236 3489 1191 3612; baseline -0.013 -15"><span class='ocrx_word' id='word_1_223' title='bbox 236 3532 269 3597; x_wconf 74' lang='lat'><strong>2.</strong></span> <span class='ocrx_word' id='word_1_224' title='bbox 290 3525 431 3594; x_wconf 72' lang='lat' dir='ltr'><strong>ramosa</strong></span> <span class='ocrx_word' id='word_1_225' title='bbox 452 3531 516 3604; x_wconf 87' lang='lat' dir='ltr'><strong>ost,</strong></span> <span class='ocrx_word' id='word_1_226' title='bbox 534 3517 677 3612; x_wconf 83' lang='lat' dir='ltr'><strong>inquam,</strong></span> <span class='ocrx_word' id='word_1_227' title='bbox 698 3495 812 3590; x_wconf 82' lang='lat' dir='ltr'><strong>Taciti</strong></span> <span class='ocrx_word' id='word_1_228' title='bbox 833 3495 1091 3607; x_wconf 64' lang='lat' dir='ltr'><strong>brcvdopsbstiu.</strong></span> <span class='ocrx_word' id='word_1_229' title='bbox 1118 3489 1191 3588; x_wconf 62' lang='lat' dir='ltr'><strong>&#39;ssd</strong></span> 
     </span>
    </p>
   </div>
   <div class='ocr_carea' id='block_1_4' title="bbox 137 3625 1191 3718">
    <p class='ocr_par' dir='ltr' id='par_1_7' title="bbox 137 3625 1191 3718">
     <span class='ocr_line' id='line_1_33' title="bbox 137 3625 1191 3718; baseline -0.014 -17"><span class='ocrx_word' id='word_1_230' title='bbox 137 3631 276 3700; x_wconf 79' lang='lat' dir='ltr'><strong>invaluit</strong></span> <span class='ocrx_word' id='word_1_231' title='bbox 303 3627 392 3714; x_wconf 90' lang='lat' dir='ltr'><strong>apud</strong></span> <span class='ocrx_word' id='word_1_232' title='bbox 413 3625 571 3715; x_wconf 85' lang='lat' dir='ltr'><strong>quosdam</strong></span> <span class='ocrx_word' id='word_1_233' title='bbox 598 3648 698 3718; x_wconf 82' lang='lat' dir='ltr'><strong>prava</strong></span> <span class='ocrx_word' id='word_1_234' title='bbox 720 3626 848 3716; x_wconf 87' lang='lat' dir='ltr'><strong>opinio,</strong></span> <span class='ocrx_word' id='word_1_235' title='bbox 867 3633 1031 3712; x_wconf 83' lang='lat' dir='ltr'><strong>tanquam</strong></span> <span class='ocrx_word' id='word_1_236' title='bbox 1051 3641 1092 3687; x_wconf 85' lang='lat' dir='ltr'><strong>eu</strong></span> <span class='ocrx_word' id='word_1_237' title='bbox 1120 3639 1191 3689; x_wconf 81' lang='lat' dir='ltr'><strong>osr-</strong></span> 
     </span>
    </p>
   </div>
   <div class='ocr_carea' id='block_1_5' title="bbox 171 3859 1192 4112">
    <p class='ocr_par' dir='ltr' id='par_1_8' title="bbox 171 3859 1192 4112">
     <span class='ocr_line' id='line_1_34' title="bbox 171 3859 1192 3931; baseline -0.012 -9"><span class='ocrx_word' id='word_1_238' title='bbox 171 3873 202 3931; x_wconf 83' lang='lat'><strong>1)</strong></span> <span class='ocrx_word' id='word_1_239' title='bbox 217 3871 330 3921; x_wconf 74' lang='lat' dir='ltr'><strong>blmtnn</strong></span> <span class='ocrx_word' id='word_1_240' title='bbox 346 3870 374 3920; x_wconf 87' lang='lat' dir='ltr'><strong>ln</strong></span> <span class='ocrx_word' id='word_1_241' title='bbox 392 3874 443 3921; x_wconf 86' lang='lat' dir='ltr'><strong>nac</strong></span> <span class='ocrx_word' id='word_1_242' title='bbox 460 3870 682 3922; x_wconf 68' lang='lat' dir='ltr'><strong>commentatione</strong></span> <span class='ocrx_word' id='word_1_243' title='bbox 699 3867 807 3921; x_wconf 77' lang='lat' dir='ltr'><strong>ediusus</strong></span> <span class='ocrx_word' id='word_1_244' title='bbox 822 3879 881 3918; x_wconf 86' lang='lat' dir='ltr'><strong>snm</strong></span> <span class='ocrx_word' id='word_1_245' title='bbox 897 3867 931 3918; x_wconf 88' lang='lat' dir='ltr'><strong>o.</strong></span> <span class='ocrx_word' id='word_1_246' title='bbox 945 3859 1109 3917; x_wconf 76' lang='lat' dir='ltr'><strong>rootttolor&#39;l</strong></span> <span class='ocrx_word' id='word_1_247' title='bbox 1123 3866 1192 3923; x_wconf 72' lang='lat' dir='ltr'><strong>orn-</strong></span> 
     </span>
     <span class='ocr_line' id='line_1_35' title="bbox 205 3943 1192 4020; baseline -0.012 -16"><span class='ocrx_word' id='word_1_248' title='bbox 205 3953 352 4019; x_wconf 76' lang='lat' dir='ltr'><strong>legonenls</strong></span> <span class='ocrx_word' id='word_1_249' title='bbox 376 3955 411 4004; x_wconf 83' lang='lat' dir='ltr'><strong>sd</strong></span> <span class='ocrx_word' id='word_1_250' title='bbox 437 3955 557 4011; x_wconf 74' lang='lat' dir='ltr'><strong>Lexieon</strong></span> <span class='ocrx_word' id='word_1_251' title='bbox 582 3955 734 4020; x_wconf 60' lang='lat' dir='ltr'><strong>beelmon,</strong></span> <span class='ocrx_word' id='word_1_252' title='bbox 766 3951 885 4005; x_wconf 78' lang='lat' dir='ltr'><strong>berolini</strong></span> <span class='ocrx_word' id='word_1_253' title='bbox 910 3951 985 4006; x_wconf 70' lang='lat'><strong>1800.</strong></span> <span class='ocrx_word' id='word_1_254' title='bbox 1003 3949 1034 4002; x_wconf 79' lang='lat' dir='ltr'><strong>G.</strong></span> <span class='ocrx_word' id='word_1_255' title='bbox 1052 3949 1083 4000; x_wconf 75' lang='lat' dir='ltr'><strong>h.</strong></span> <span class='ocrx_word' id='word_1_256' title='bbox 1101 3943 1192 4003; x_wconf 76' lang='lat' dir='ltr'><strong>llotlll</strong></span> 
     </span>
     <span class='ocr_line' id='line_1_36' title="bbox 203 4036 929 4112; baseline -0.012 -21"><span class='ocrx_word' id='word_1_257' title='bbox 203 4039 370 4093; x_wconf 71' lang='lat' dir='ltr'><strong>Excursllus</strong></span> <span class='ocrx_word' id='word_1_258' title='bbox 389 4039 424 4090; x_wconf 82' lang='lat' dir='ltr'><strong>sd</strong></span> <span class='ocrx_word' id='word_1_259' title='bbox 440 4039 504 4089; x_wconf 74' lang='lat' dir='ltr'><strong>luo.</strong></span> <span class='ocrx_word' id='word_1_260' title='bbox 522 4036 693 4112; x_wconf 72' lang='lat' dir='ltr'><strong>Agricolam,</strong></span> <span class='ocrx_word' id='word_1_261' title='bbox 715 4039 836 4092; x_wconf 61' lang='lat' dir='ltr'><strong>Romu.</strong></span> <span class='ocrx_word' id='word_1_262' title='bbox 854 4037 929 4090; x_wconf 74' lang='lat' dir='ltr'><strong>sess.</strong></span> 
     </span>
    </p>
   </div>
   <div class='ocr_carea' id='block_1_6' title="bbox 0 0 1431 4798">
    <p class='ocr_par' dir='ltr' id='par_1_9' title="bbox 0 0 1431 4798">
     <span class='ocr_line' id='line_1_37' title="bbox 0 0 1431 4798; baseline 0 0"><span class='ocrx_word' id='word_1_263' title='bbox 0 0 1431 4798; x_wconf 95' lang='lat' dir='ltr'><strong> </strong></span> 
     </span>
    </p>
   </div>
  </div>
 </body>
</html>
