2854 4798
94 239 100 252 '
220 267 286 335 rna
458 231 464 242 '
548 259 958 334 ursromnuuu

167 438 333 507 nubebat.
386 433 491 506 Peuci
510 443 659 506 veterum
681 436 824 505 militurn
848 436 883 502 in
911 433 1069 504 bibernis·
1082 434 1212 516 relicti,
1240 433 1291 500 ie-

216 542 354 610 etinatis
377 561 438 631 per
462 539 594 609 Gallias
617 540 822 622 delentibus,
856 546 896 606 ut
917 541 1159 608 remanentium
1181 537 1291 625 legio-

217 667 295 712 num
319 645 453 720 nemine
472 647 722 736 supplerentur.
760 642 850 714 (lure
873 644 967 732 ripas
979 641 1175 710 Hordeonio
1189 639 1290 708 Flac-

217 771 257 816 eo
280 749 462 837 permissa3
490 751 565 837 ipse
591 747 826 816 eBritannieo
849 745 980 813 deiectu
1002 755 1079 814 octo
1101 746 1193 812 milia
1220 743 1289 812 sibi

217 850 381 921 adiunxit.
424 849 471 918 Et
490 873 670 941 paucorum
688 850 819 918 dierum
840 850 908 916 iter
930 871 1130 938 progressus
1148 867 1290 937 prospe-

216 976 274 1022 ree
297 951 385 1042 apud
411 952 612 1021 Bedriacum
641 975 697 1022 ree
726 977 765 1020 ao
794 961 900 1020 morte
923 951 1069 1020 Othonis
1101 949 1289 1020 concidisse
1350 1029 1357 1042 .

216 1057 350 1124 bellom
366 1057 505 1144 accepit.
534 1054 665 1122 Veneta
687 1057 844 1125 concione
865 1058 1023 1126 virtutem
1049 1057 1192 1122 militurn
1213 1057 1288 1122 leu-

216 1157 315 1226 dibus
336 1160 497 1226 cumulet.
533 1155 735 1228 Postulente
755 1161 924 1240 exercitu,
945 1167 985 1226 ut
1005 1161 1164 1228 libertam
1187 1179 1286 1225 suurn

215 1263 407 1332 Asiaticum
429 1262 580 1349 equestri
603 1261 765 1349 dignitate
789 1263 946 1346 donaret,
972 1264 1180 1330 inhonestam
1205 1261 1288 1328 adu·

214 1367 375 1434 lationem
398 1367 591 1453 compescit.
632 1366 722 1434 Dein
744 1367 931 1434 mobilitate
952 1365 1093 1452 ingenii,
1114 1365 1204 1455 qued
1227 1387 1288 1456 pa-

213 1469 488 1548 lamubnuerat,
520 1468 609 1536 inter
633 1479 764 1538 secreta
786 1470 927 1538 convicii
954 1471 1115 1556 largitur,
1142 1459 1287 1558 bonora-

213 1573 330 1661 ritqne
354 1572 547 1642 nataticum
576 1573 705 1657 anulis,
741 1572 872 1642 foedum
901 1575 1100 1664 mancipium
1124 1585 1160 1642 et
1188 1575 1287 1642 malis

214 1679 346 1746 artibus
367 1673 592 1746 ambitiosum.

316 1785 372 1852 58.
409 1777 520 1846 ladem
557 1779 677 1848 diebus
704 1781 887 1848 acrmsiese
918 1780 1075 1870 pertibus
1105 1785 1285 1868 utramque

212 1884 478 1964 Mauretaniam,
498 1885 914 1974 interiectoproeuratore
937 1883 1077 1966 Albino,
1097 1886 1207 1952 nuntii
1229 1907 1286 1954 re-

213 2011 304 2057 nere.
345 1988 511 2056 Lucceius
532 1987 682 2058 Albinus
705 2009 725 2053 a
747 1984 884 2054 Nerone
906 1987 1138 2056 Mauretaniae
1160 1987 1285 2058 Caesa·

207 2093 317 2160 ⁴riensi
339 2095 576 2184 praepositus,
599 2089 713 2158 addite
736 2111 798 2178 per
819 2087 961 2158 Galbam
981 2089 1183 2178 Tingitanae
1204 2115 1285 2181 pro·

213 2196 341 2263 vinciae
363 2193 672 2275 administratione,
703 2193 793 2260 baud
823 2193 1019 2284 spernendis
1046 2196 1175 2264 viribus
1206 2217 1285 2288 ege-¹

211 2291 304 2368 nau
337 2299 468 2368 Decem.
501 2319 617 2365 nouem
652 2297 824 2380 cobortes,
859 2300 1006 2387 quinqua
1035 2301 1127 2382 alne,
1166 2300 1284 2386 ingens

211 2403 407 2472 blancorum
438 2423 595 2470 numerus
626 2399 765 2480 aderet,
806 2421 867 2488 per
894 2402 1070 2471 latrocinia
1100 2411 1137 2472 et
1162 2411 1283 2493 raptus

212 2514 292 2598 apte
319 2507 409 2574 bello
439 2525 566 2570 manus.
622 2501 729 2574 Caeso
753 2503 861 2572 Galba
889 2506 923 2572 in
950 2497 1116 2574 Othonem
1145 2531 1285 2600 pronus,

211 2634 272 2678 nec
294 2609 415 2678 Africa
443 2615 634 2688 contentus,
664 2607 850 2698 Hispaniae
876 2619 1018 2696 angusto
1048 2613 1136 2678 freto
1160 2611 1284 2679 direm-

211 2723 289 2807 ptae
310 2711 515 2783 imminebat.
556 2709 639 2778 lnde
653 2707 774 2781 Cluvio
793 2709 1031 2812 liulometus3
1053 2722 1089 2782 et
1111 2715 1282 2783 decumam

209 2819 374 2906 legionem
411 2817 635 2905 propinquare
669 2815 764 2881 litori
799 2822 838 2882 ut
873 2821 1134 2888 transmissurus
1170 2822 1285 2910 iussit.
1344 2803 1351 2818 ’

210 2921 398 2993 Praemissi
429 2919 640 2987 centuriones
669 2919 728 3006 qui
756 2917 964 2986 Maurarum·
984 2924 1112 2990 animos
1140 2923 1284 2992 Vitellis

209 3025 439 3096 conciliarent.
480 3042 586 3109 nequa
608 3019 749 3088 arduum
771 3023 854 3104 fuit,
876 3044 992 3109 magna
1014 3045 1074 3112 per
1095 3029 1283 3116 provinciae

211 3129 402 3201 Germanioi
425 3127 592 3193 exercitus
613 3115 713 3194 fama.
759 3123 990 3214 Spargebatur
1009 3129 1148 3221 iusuper
1169 3143 1284 3222 spreto

209 3231 440 3326 procuratoris
464 3229 625 3300 vocabulo
647 3229 811 3299 Albinum
841 3229 970 3319 insigne
1001 3235 1091 3320 regis
1120 3243 1156 3302 et
1180 3235 1285 3306 lubae

210 3357 329 3422 nomeu
351 3353 527 3424 usurpare.
576 3339 631 3406 59.
660 3333 713 3402 lta
737 3333 875 3400 mutatis
900 3337 1019 3403 animis
1039 3339 1183 3406 Asinius
1203 3337 1285 3407 Pol-

277 3491 368 3546 0157.
403 3491 617 3559 lonorccltpue
635 3491 695 3543 cdd.
718 3494 755 3543 At
771 3493 826 3542 Mu.
845 3493 1044 3562 conantique.

267 3609 299 3664 c.
326 3609 370 3665 57.
416 3607 560 3674 teutonem
591 3609 725 3669 namna]
819 3607 915 3673 ripae]
928 3610 1132 3674 Nemperipem
1146 3612 1235 3664 Rheni
1249 3627 1286 3668 ne

210 3683 395 3744 sampsaeos
411 3679 526 3732 sttuitee
542 3679 726 3743 ernutlcgio-
768 3677 901 3730 Hermoni
923 3681 1083 3732 transirent.
1109 3683 1188 3734 burs.
1227 3686 1284 3736 lte.
1421 3697 1422 3702 ¹

209 3767 261 3804 nes
273 3753 355 3817 ittae,
373 3753 404 3801 ut
415 3749 524 3800 nonina
537 3747 630 3810 potius
644 3761 725 3810 quen
768 3747 873 3799 curari
891 3759 935 3810 uc.
961 3751 1017 3800 sn.
1038 3750 1111 3802 reus

210 3835 243 3874 re
257 3825 412 3874 ct'nunnero
425 3819 551 3885 legiones
564 3819 676 3880 essent;
692 3819 723 3868 nt
815 3816 988 3880 Actutteusr]
1002 3819 1066 3870 vlu.
1081 3832 1105 3871 e.
1118 3817 1165 3872 95.
1180 3820 1231 3888 lv,
1240 3819 1283 3872 1⁸.

210 3893 262 3956 lv,
276 3888 318 3944 15.
348 3891 461 3942 Nomen
472 3886 723 3954 saeptaeneraltus
765 3887 840 3936 suet.
855 3887 915 3937 vit.
930 3888 973 3940 tu.

210 3973 296 4028 rnen
310 3953 720 4026 rasar3cau.rv‚1s.ourt.
817 3953 847 4006 G.
863 3953 908 4007 58.
942 3955 1041 4008 Cluuio
1058 3957 1283 4025 Remiserim

209 4031 262 4098 lv,
276 4031 320 4097 tt,
333 4031 361 4082 9.
383 4027 509 4082 Nereius
523 4025 623 4080 urrisu
638 4037 724 4093 euna
765 4023 921 4145 Ilbpbnd‘
943 4025 1104 4092 procuretis
1122 4031 1285 4092 prccrrutr

208 4099 331 4154 caedu-
766 4106 785 4142 v
854 4126 864 4162 ,
896 4125 905 4144 .
