2844 4794
297 244 342 312 36
662 237 1008 312 andnuman

297 416 405 484 iunias
428 421 664 504 assequuntur.
709 428 866 508 prompta
892 425 1002 484 tamen
1025 416 1181 486 omnibus
1203 441 1329 504 erma,
1350 446 1388 502 aa

299 518 329 588 si
351 542 407 588 res
435 527 571 610 poscet,
596 520 786 599 exercitus,
821 523 1006 613 plurimum
1030 521 1178 591 uirorum
1206 547 1385 615 equorum

300 647 383 716 que3
412 635 448 691 et
464 619 719 714 'quiescentibus
743 625 859 693 eadem
882 625 983 692 ieme.

401 731 457 799 36.
500 726 542 796 In
565 729 674 796 latere
692 727 903 798 Chaucorum
926 727 1195 817 Chattorumque
1216 727 1382 799 Cherusci

299 833 435 900 nimiam
459 853 497 898 oo
521 839 721 899 marcentem
745 831 803 900 dio
826 855 941 922 pacem
966 834 1146 900 illucessiti
1175 836 1380 902 nutrierunt.

299 935 403 1025 idque
426 935 603 1002 iucundius
625 957 724 1024 quam
752 939 862 1004 tutius
884 937 967 1019 init,
995 936 1075 1025 qnia
1096 938 1188 1003 inter
1208 939 1380 1027 impoten-

300 1051 353 1108 tss
375 1047 411 1106 et
431 1038 562 1110 validos
584 1038 671 1105 falso
693 1039 868 1128 quiescas:
898 1041 959 1106 ubi
981 1061 1080 1106 mono
1103 1041 1238 1126 agitur,
1272 1045 1379 1110 mode·

300 1143 368 1210 stia
391 1165 428 1208 ao
451 1141 603 1232 probitas
630 1143 763 1210 nomina
786 1145 973 1233 superioris
997 1149 1111 1213 sunt·
1136 1143 1191 1211 lta
1216 1147 1283 1233 qui
1307 1149 1378 1214 olin

299 1247 379 1315 honi
402 1247 567 1334 aequique
591 1243 775 1329 Cherusci,
803 1269 890 1322 nuuc
920 1249 1047 1316 inertes
1071 1270 1110 1314 ac
1139 1247 1242 1314 stulti
1264 1269 1379 1316 vocar·

299 1359 376 1418 tur:
410 1348 541 1417 Chattis
570 1351 754 1418 victoribus
790 1351 924 1418 fortuna
956 1352 991 1417 in
1023 1351 1223 1440 sapientiam
1265 1356 1379 1420 cessit.

299 1454 420 1523 Tracti
448 1453 546 1520 ruina
568 1453 811 1525 Chamavorum
841 1461 877 1521 et
905 1453 1008 1534 Fosi,
1042 1455 1253 1522 contermina
1279 1480 1377 1544 genet

300 1559 516 1626 advorsarum
540 1579 651 1624 rarum
676 1581 716 1627 ox
740 1574 846 1648 aequo
869 1559 954 1626 socii
975 1565 1072 1640 sunt,
1100 1580 1174 1625 cunt
1199 1559 1237 1624 in
1261 1583 1377 1629 secun

300 1661 353 1728 dis
376 1661 522 1726 minores
545 1661 703 1731 inissent.

399 1768 455 1834 37.
502 1761 651 1829 Eundem
684 1763 884 1832 Germanias
918 1761 1027 1828 sinum
1063 1762 1208 1852 proximi
1241 1764 1375 1834 Oceano

267 1943 270 1948 ,
298 1867 428 1938 Cimbri
454 1873 588 1942 tonent,
616 1887 719 1952 parva
747 1891 832 1934 nuno
853 1865 992 1947 civitas,
1021 1866 1082 1932 sad
1113 1867 1221 1951 gioria
1248 1871 1375 1956 ingens.

297 1972 488 2059 ueterisque
509 1969 617 2036 famas
640 1971 711 2037 lata
726 1971 869 2058 uestigio
887 1977 1035 2056 manent,
1056 1979 1203 2060 utraque
1221 1973 1304 2064 ripa
1328 1998 1375 2042 ra·

330 2166 386 2216 aet.
419 2165 457 2284 Ad
474 2163 503 2214 Τ.
528 2163 563 2282 tp
577 2164 766 2230 praecipuum
783 2162 906 2217 virtutis
926 2175 962 2216 oc
984 2161 1095 2216 virium
1115 2164 1312 2230 praecipitatas
1329 2181 1375 2222 sr-

330 2245 434 2302 pumen
449 2247 498 2285 cm
517 2245 546 2284 ea
564 2265 570 2280 .
1063 2247 1066 2252 ·

365 2331 396 2385 C.
413 2335 458 2382 36.
491 2331 605 2384 nomino
622 2331 783 2384 Beroaldus.
817 2333 854 2382 At
875 2333 951 2382 MSS·
969 2334 1090 2386 nomine.

365 2432 465 2485 diecti
482 2433 571 2482 ruina
587 2431 646 2480 edd.
665 2443 702 2483 ex
717 2431 751 2482 H.
770 2433 801 2482 ut
817 2431 889 2483 Anu.
909 2431 963 2498 ΙΙΙ,
981 2429 1024 2484 st.
1044 2433 1077 2484 il.
1098 2433 1121 2499 1,
1138 2428 1182 2486 ts.
1219 2435 1262 2486 nt
1278 2436 1374 2502 reliqui

329 2503 428 2568 Tecti,
446 2514 502 2554 uon
519 2501 651 2551 temnus.

347 2639 526 2706 plurimum.
543 2675 550 2689 .
566 2639 720 2705 equorum]
743 2635 813 2688 Pos-
857 2635 966 2688 mlaeve
988 2635 1147 2702 coniectum
1171 2637 1202 2689 tn
1223 2641 1311 2692 bettts
1329 2656 1374 2695 sn-

297 2713 363 2762 sunt
381 2713 450 2760 hoec
462 2712 600 2771 utcunque
614 2707 765 2772 expuncti,
783 2709 814 2757 ut
857 2710 912 2757 tem
926 2709 954 2758 in
973 2708 1080 2757 tontum
1098 2709 1158 2758 suis
1173 2710 1295 2773 quisque
1310 2716 1375 2766 viri-

296 2779 465 2843 epexcgesin
483 2779 643 2830 contineant
674 2777 814 2828 numerosi
857 2778 906 2828 itus
921 2778 962 2828 uti
975 2777 1107 2844 creditur,
1126 2779 1302 2840 inquantum
1314 2797 1375 2846 pae-

297 2849 455 2914 exercttus,
487 2860 544 2898 non
568 2848 660 2897 hercle
679 2847 813 2910 languore
855 2847 902 2896 sit.
937 2847 1264 2908 Quapropterttoemum
1278 2865 1375 2916 reapse

296 2920 446 2968 carentem.
493 2914 640 2976 Suspicor:
672 2915 813 2978 Promptc
855 2916 971 2966 modesti
992 2921 1021 2966 ot
1038 2915 1118 2978 probi
1137 2929 1200 2967 esse
1213 2922 1375 2984 creduntur,

296 2983 533 3038 tammomntooe
547 2985 812 3048 nortamptoniam
856 2997 925 3047 quos
944 2985 1072 3036 victoriis
1091 2997 1126 3034 oc
1145 2989 1296 3048 potentatu
1313 2999 1375 3042 tan

296 3055 430 3106 atrorum
444 3063 655 3119 equorumque,
672 3065 707 3103 oe
722 3053 749 3102 st
761 3065 812 3104 rea
854 3059 912 3104 tum
930 3055 1026 3104 valere
1052 3057 1177 3122 constat,
1209 3061 1241 3108 ut
1265 3061 1375 3123 impune

295 3125 397 3188 poscat
412 3124 580 3181 coercitam
596 3125 625 3174 et
640 3123 813 3186 quiescenti·
854 3123 965 3173 easdem
979 3123 1100 3173 virtutes
1122 3125 1158 3173 tis
1178 3137 1318 3186 spernere
1343 3133 1375 3181 li-

296 3193 346 3242 tuo
365 3192 463 3242 eodem
476 3193 567 3256 famo.
602 3191 634 3241 ln
648 3191 691 3241 lds
707 3192 813 3241 demum
855 3195 929 3242 ceat.
953 3193 1005 3252 Qui
1019 3205 1054 3242 ex
1068 3203 1155 3255 aequo
1169 3199 1257 3258 agunt
1272 3211 1308 3249 ac
1323 3213 1375 3251 non

296 3261 509 3312 concinnitatem
530 3262 559 3310 et
578 3260 703 3311 Tacitum
722 3271 811 3324 aguc-
855 3263 1046 3328 praepollent,
1072 3263 1180 3324 quoties
1201 3266 1263 3315 illis
1283 3271 1375 3320 uirtu-

296 3341 353 3382 sco.
388 3331 478 3380 Dono.
855 3333 929 3381 tinus
942 3333 987 3381 vet
1000 3342 1096 3393 pacem
1106 3333 1241 3384 redimere
1251 3339 1299 3387 vet
1312 3341 1375 3390 tau·

346 3401 444 3450 eodem
458 3400 551 3465 fame]
576 3397 643 3448 Scit.
657 3409 692 3449 sc
706 3397 732 3446 si
750 3397 812 3448 bel·
856 3399 915 3450 dam
930 3413 1065 3463 quaerero
1078 3402 1200 3468 cupiunt,
1224 3397 1376 3472 ἄπραγμο-

295 3469 377 3533 iapdo
392 3469 588 3518 clarescerent·
854 3466 919 3538 adep
948 3463 1216 3539 ἀνδραγαθιζὸμινοι
1268 3478 1376 3535 (Tunc.

347 3535 435 3586 636.
477 3536 674 3594 marcentem]
704 3534 738 3584 Η.
759 3534 810 3600 ΙΙΙ,
854 3537 898 3604 11,
922 3539 997 3600 63),
1031 3550 1124 3588 eorum
1154 3541 1295 3594 modoetia
1326 3561 1377 3610 pro

295 3607 338 3656 stt.
362 3605 397 3657 in
414 3617 531 3657 censore
546 3605 664 3657 Aricino
685 3603 811 3656 deotdem
852 3608 981 3692 ignavie,
1000 3607 1123 3669 probitas
1138 3621 1190 3670 pro
1208 3613 1336 3665 stultitia
1350 3625 1377 3667 et

295 3677 325 3728 et
336 3677 513 3727 marcentem
528 3672 747 3726 scitviteltiom.
761 3673 809 3722 lu·
852 3675 967 3743 avesate
987 3678 1111 3727 notente.
1151 3677 1260 3732 Sinin.
1282 3685 1378 3735 disse-

295 3744 359 3795 stin.
373 3744 510 3811 miv,
525 3747 552 3794 2.
572 3743 746 3806 Quotidiano
762 3743 809 3792 lo-
852 3743 1279 3814 rontntnentenstnntegottop.
1290 3754 1379 3805 'l'huc

294 3813 385 3865 corto
402 3815 446 3866 tta
463 3813 606 3866 marcente·
630 3813 692 3866 acti.
714 3811 809 3863 Ptole-
853 3815 875 3884 1,
889 3817 1003 3879 tanqu.
1037 3815 1128 3866 Dono.

293 3894 457 4003 neptam
480 3948 666 4014 mmm]
703 3950 808 3998 smus
901 3915 983 3976 Foco]
996 3915 1380 3982 Propeceltssttossannts

290 4021 349 4070 mg
367 4022 400 4070 [ῃ
420 4031 490 4082 9209
507 4019 615 4082 ,lumem
634 4019 808 4070 immodestis
851 3985 965 4036 Allerae
979 3987 1119 4040 miscetur.

288 4091 317 4140 et
335 4089 497 4153 inprotttos
516 4089 589 4142 metu
617 4089 710 4154 logon
731 4089 806 4140 inta—
904 4085 935 4138 c·
952 4087 996 4138 37.
1029 4088 1114 4155 sepa,
1129 4087 1230 4140 fimi,
