2874 4802
233 183 299 253 uos
422 233 424 239 .
550 177 1014 290 *u-rsnonraaua·

184 355 324 437 weitos
352 357 440 422 eiere
474 345 684 434 eredebant·
721 359 804 428 Visa
832 359 933 426 oaaie
969 361 1003 426 in
1033 355 1301 446 <imperationem

234 460 336 526 versi.
389 468 424 527 et
444 457 625 528 Flavianus
648 463 814 530 exereitus
840 466 980 530 immane
999 471 1160 550 quantum
1191 459 1303 524 animo

174 653 176 658 Ι
233 563 370 628 exitium
398 560 555 630 Valentis
581 576 619 630 ut
655 566 751 632 linem
782 566 862 632 belii
892 567 1032 656 anaspit.
1085 565 1199 636 Natus
1227 571 1306 629 erat

232 663 361 744 Valens
388 665 565 751 Anagniae
602 671 752 756 equestri
788 670 926 738 ianrilie.
984 693 1103 760 prooan
1140 669 1304 751 moribus,

233 789 340 854 neque
361 768 528 836 absurdus
551 771 700 857 ingenio,
731 770 851 838 ieararn
884 773 1088 840 urbanitatis
1114 795 1176 864 per
1201 771 1306 838 lasei-

233 873 321 937 viam
353 881 479 957 patere.
528 872 677 940 Lndioro
707 877 860 942 iuvenum
893 877 957 944 sub
978 875 1113 944 Nerone
1139 879 1231 944 velut
1260 895 1305 938 ex

233 975 450 1056 nenessitate‚
482 997 556 1042 mox
584 985 704 1065 sponte
734 979 851 1045 mimos
878 981 1049 1059 astiterit,
1080 979 1166 1045 snite
1194 975 1303 1064 aragia

232 1101 331 1167 qnam
363 1079 479 1166 proba.
531 1081 664 1166 legatus
692 1083 835 1167 legionis
863 1091 898 1149 et
927 1085 1012 1150 fovit
1038 1079 1236 1168 Verginiam
1266 1085 1305 1144 et

96 1213 100 1220 ·
230 1183 416 1250 infamavit.
458 1181 631 1250 Fonteium
662 1183 858 1274 Capitonem
888 1191 1104 1272 surruptum,
1132 1203 1192 1250 eeu
1221 1183 1304 1272 quie

232 1305 446 1372 eorrumpere
480 1290 693 1374 nequiverat,
726 1289 907 1358 interrasit.
966 1287 1094 1354 Galbae
1135 1285 1302 1376 proditor,

231 1387 375 1456 Vitellio
396 1387 484 1455 lidus
502 1401 538 1457 at
560 1391 700 1456 aliarum
726 1393 867 1481 pertidia
889 1393 1095 1458 iliustratus.

316 1495 372 1562 63.
413 1493 572 1583 Abrupta
593 1493 739 1582 undique
762 1517 821 1586 spe
842 1494 1046 1561 Vitellianus
1070 1493 1166 1560 eniies
1188 1501 1303 1558 nans-

232 1597 345 1661 iturus
367 1597 401 1662 in
424 1589 569 1684 p'artee,⁴
585 1595 625 1680 iti
648 1619 780 1684 quoque
804 1619 868 1664 nan
892 1599 964 1664 aine
988 1598 1124 1677 deeora,
1152 1593 1213 1662 sed
1234 1595 1302 1662 sub

232 1699 355 1783 signis,
374 1701 567 1788 vexillisque
591 1700 624 1765 in
646 1701 819 1766 eubiaotoe'
835 1700 983 1768 Narniae
1003 1689 1139 1788 campos
1160 1699 1301 1766 deseen-

231 1802 323 1870 elare.
379 1801 559 1870 Flavianus
589 1807 776 1884 exereitus,
813 1811 852 1871 nt
880 1803 923 1868 ad
958 1805 1121 1892 praelium
1148 1805 1299 1870 intentos

231 1911 454 1992 ornatusque,
476 1905 589 1972 denaia
613 1907 700 1973 eirea
726 1907 812 1974 viam
835 1905 1008 1974 ordinibus
1031 1909 1197 1975 astiterat.
1241 1927 1297 1971 ao-

231 2011 321 2097 oepti
340 2013 373 2076 ia
396 2009 538 2091 medium
559 2007 754 2094 Vitelliani,
773 2017 809 2078 et
830 2009 1052 2076 circumdatae
1075 2009 1210 2078 Primus
1223 2011 1298 2077 Διι-

231 2115 342 2180 tonius
370 2117 551 2180 elementer
580 2113 775 2200 alloquitur.
829 2109 915 2180 Pers
937 2111 1105 2196 Narniae,
1133 2135 1214 2202 pars
1241 2111 1298 2178 in·

229 2228 399 2283 teramnae
421 2219 607 2284 subsistere
632 2217 727 2284 iussi.
779 2217 915 2282 relictae
939 2217 1041 2283 simul
1062 2237 1081 2281 e
1102 2213 1296 2283 viatrioibus

229 2321 395 2407 legiones,
424 2341 528 2408 neque
550 2319 800 2408 quiescentibus
829 2341 947 2405 graves
975 2327 1010 2386 et
1030 2318 1191 2386 adversus
1219 2339 1297 2384 eon·

229 2423 405 2490 tumaoiam
427 2421 568 2489 validae.
618 2421 693 2488 Non
718 2425 861 2490 omisere
890 2445 950 2512 per
978 2443 1035 2490 aas
1064 2421 1137 2488 dies
1160 2419 1297 2488 Primus

231 2549 269 2592 aa
294 2523 408 2594 Varus
437 2525 565 2591 trabeis
597 2528 722 2592 nuntiis
748 2527 888 2592 salutem
918 2537 952 2592 at
980 2525 1153 2614 peouniam
1180 2532 1216 2590 et
1243 2545 1297 2590 se·

227 2637 318 2696 creta
342 2627 543 2716 Campaniae
565 2627 684 2696 offerre
698 2629 850 2714 Vitellio,
872 2632 902 2695 si
925 2629 1046 2716 positis
1068 2629 1171 2694 arenis
1194 2649 1295 2714 sequa

152 2805 160 2818 ³
228 2757 266 2798 ae
297 2733 420 2798 liberes
457 2754 536 2798 snos
566 2729 777 2820 Vespasiano
810 2731 1032 2820 permisisset.
1089 2731 1294 2796 ineundam
1396 2801 1397 2817 q

135 2913 145 2924 ¹
229 2835 359 2900 modurn
384 2844 418 2902 et
445 2833 619 2901 Munianus
651 2837 838 2926 composuit
863 2837 1043 2926 epistolas3
1074 2835 1197 2920 quibus
1223 2835 1296 2923 pie·
1394 2853 1396 2945 J

226 2959 366 3024 ruraque
389 2937 492 3004 fidere
515 2936 694 3021 Vitellius,
724 2959 763 3004 ao
787 2939 828 3004 de
848 2960 985 3006 nurnero
1005 2959 1197 3019 servarum,
1227 2939 1295 3004 ala-
1392 3009 1393 3012 Ἴ

1209 3041 1294 3106 otio·

294 3198 324 3247 G.
343 3199 386 3248 63.
422 3197 577 3249 subsistere
595 3197 667 3248 ioasi
683 3197 743 3246 edd.
761 3199 797 3247 At
815 3200 870 3250 Mo.
887 3197 1039 3250 substitere
1056 3198 1142 3266 trust,
1172 3210 1226 3250 neu
1244 3197 1292 3246 de-

158 3276 163 3301 t
259 3267 356 3315 terius.
374 3265 466 3316 Germ.
485 3267 527 3318 11.

276 3381 398 3432 tartareae
410 3380 739 3445 quantumoatmoJSeit.
833 3377 983 3446 oetut111.
1004 3393 1028 3432 e.
1049 3382 1157 3445 speeie,
1181 3383 1213 3431 nt
1232 3380 1292 3443 ipse

226 3455 317 3500 aucto.
582 3471 584 3480 ·
782 3451 993 3514 praetendebat,
1011 3453 1041 3500 nt
1057 3458 1124 3500 amr.
1140 3451 1163 3512 l,
1177 3451 1218 3502 10.

278 3514 436 3586 Amyntae]
456 3517 605 3579 municipio
621 3517 648 3567 in
666 3519 738 3568 fler·
832 3515 1005 3586 insonuerit]
1026 3520 1089 3572 vid.
1106 3521 1129 3583 1,
1145 3517 1188 3569 ot.

227 3589 349 3638 tricornes
368 3589 483 3650 tinibuaq
501 3587 580 3638 bodie
596 3587 713 3652 Aoaqoi.
832 3591 956 3638 auorum
969 3586 1094 3650 perfidio
1110 3587 1290 3644 tttusteotoe]

278 3661 390 3708 ludicro
403 3651 555 3720 iuvenum]
576 3657 598 3705 l.
611 3667 635 3702 e.
657 3655 738 3705 lova-
782 3656 815 3704 u.
830 3669 855 3706 e.
869 3670 924 3705 noa
939 3657 992 3706 nisi
1006 3657 1172 3708 deteriorum
1185 3658 1213 3705 et
1226 3667 1290 3716 per·

227 3725 350 3787 ruatibus,
369 3729 402 3775 ue
417 3725 514 3788 quibus
529 3725 687 3788 aauxvt,
695 3728 737 3776 21.
781 3725 975 3776 fidissimorum
994 3726 1131 3777 hominum
1147 3735 1289 3786 conpare-
1380 3777 1381 3780 Ἴ

225 3795 268 3843 Ex
292 3809 366 3846 moro
386 3795 520 3845 deviavit
546 3793 685 3854 proprium
704 3805 739 3845 ae
781 3794 856 3844 tione
885 3795 1021 3860 illustris,
1057 3796 1155 3856 suopte
1180 3793 1290 3856 tagenio
1378 3829 1379 3832 ,

224 3865 343 3922 valente
362 3875 467 3914 uouen-
503 3863 566 3911 vid.
591 3865 618 3911 tn
640 3863 688 3926 lv,
711 3861 739 3913 4.
780 3865 874 3912 tenue
894 3865 984 3914 tamne
1004 3875 1071 3914 suae
1092 3875 1146 3913 non
1171 3873 1222 3926 per
1244 3863 1290 3910 tn-

225 3933 295 3982 Diat.
319 3937 361 3985 32·
386 3933 430 3982 ius
451 3931 587 3982 eiritotir.
623 3934 659 3980 et
674 3931 735 3982 edu.
782 3935 871 3981 turns.

223 4001 397 4053 ioeeoattum
413 4013 472 4051 cuna
488 4001 590 4062 binata.
607 4001 712 4053 -uaaa
831 3999 920 4050 csta.
937 4001 1119 4064 pierumque]
1143 3996 1287 4062 suspiras:
