2874 4802
404 287 507 360 nte.
528 285 577 358 ll.
618 282 740 360 cAP.
760 285 918 359 83-86.
1146 285 1212 356 113

135 466 260 534 elisium
284 463 539 550 Tarentumque
570 463 607 526 et
640 455 818 556 Calabriae
842 454 1075 546 Lucaniaeque
1096 457 1259 526 litoreae.

135 569 272 640 infestis
296 567 467 634 classibus
489 561 697 654 peterentur.
739 563 794 632 84.
815 559 929 647 Igitur
950 563 1100 644 narium,
1123 561 1212 628 mili-

136 679 232 748 tnm‚
261 665 430 736 armerum
451 677 573 757 paratu
596 672 749 754 strepere
771 665 973 752 provinciae.
1029 663 1098 732 Sed
1126 663 1212 731 nibil

137 795 242 862 aequo
263 773 430 856 fatigabat
451 793 551 859 quam
576 771 791 858 pecuniarum
813 764 1033 855 conquisitio:
1054 787 1112 834 eos
1134 787 1211 836 esse

136 878 219 946 belli
240 877 350 972 qivilie
373 895 493 941 nereos
520 873 680 940 dictitans
704 871 879 938 Mucianus
906 891 972 936 non
998 871 1052 936 ius
1074 879 1134 937 aut
1156 893 1212 939 re-

135 1002 211 1050 rum
238 981 273 1048 in
296 976 561 1066 cognitionibus,
597 974 658 1043 sad
686 979 793 1043 solum
823 973 1082 1058 magnitudinem
1109 995 1211 1064 epum
1255 1049 1260 1062 ,

137 1085 325 1176 spectabat.
366 1081 493 1170 possim
518 1077 723 1158 delationes,
747 1084 788 1142 et.
805 1077 1092 1165 locupletissimus
1116 1081 1212 1167 quie·

137 1211 204 1278 que
223 1191 258 1254 in
275 1183 433 1276 praedam
454 1183 615 1270 correpti.
658 1201 744 1268 quac
767 1182 882 1266 grevia
904 1188 1006 1267 atque
1026 1183 1211 1250 intoleran-

138 1293 201 1372 tla,
228 1290 289 1358 sed
317 1287 518 1356 necessitate
543 1305 709 1350 armorum
733 1293 909 1366 excusata,
935 1283 1036 1350 etiam
1066 1284 1101 1350 in
1126 1305 1210 1371 pace

140 1415 315 1474 mauserc,-
339 1392 414 1480 ipse
437 1388 647 1476 Vespasiano
671 1387 761 1452 inter
781 1387 879 1453 initia
901 1387 1034 1476 imperii
1057 1386 1101 1452 ad
1122 1387 1211 1454 obti-

138 1498 265 1566 nendus
293 1495 489 1583 iniquitaten
511 1491 601 1558 baud
631 1479 769 1578 perinde
790 1491 1000 1572 obstinante,
1029 1489 1134 1558 donec
1156 1491 1210 1556 in-

140 1601 312 1688 dulgentia
335 1600 489 1664 fortunae
512 1604 547 1660 et
567 1595 679 1682 pravis
702 1595 874 1679 magistris
897 1593 1019 1662 didicit
1039 1615 1210 1682 aususque

140 1712 206 1775 est,
264 1700 419 1789 Propriis
450 1717 582 1787 quoque
610 1695 730 1783 opibus
757 1695 932 1763 Mucianus
962 1699 1087 1765 bellum
1114 1699 1211 1780 iuvit,

137 1810 254 1894 largus
283 1803 458 1894 privatim,
488 1799 577 1889 qued
601 1797 732 1865 avidius
762 1797 805 1866 tle
829 1821 866 1866 rs
893 1800 1029 1888 publica
1050 1812 1210 1872 sumeret.

138 1909 254 1981 censi
276 1904 548 1974 conferendarum
569 1903 783 1990 pecuniarum
798 1906 984 1990 exemplum
1007 1905 1134 1972 sacnti:
1153 1927 1211 1972 ra-

137 2015 294 2082 rissimus
317 2011 460 2099 quisque
483 2005 622 2075 eandem
651 2006 687 2072 in
713 2005 930 2093 reciperando
953 2007 1122 2074 licentiam
1150 2009 1210 2076 ba-

137 2119 294 2185 buerunt.

238 2219 296 2292 85.
338 2213 542 2284 Accelerata
565 2209 701 2276 interim
714 2208 919 2300 Vespasiani
940 2219 1058 2300 coepta
1072 2211 1211 2301 lllyrici

140 2325 308 2391 exercitus
341 2313 455 2386 studio
488 2313 693 2399 transgressi
726 2313 761 2378 in
798 2323 923 2400 partes.
978 2317 1081 2384 tertia
1118 2320 1209 2406 legio

138 2425 323 2512 exemplum
348 2419 470 2486 ceteris
492 2417 639 2484 Moesiae
666 2416 854 2502 legionibus
875 2417 1042 2506 praqbuit,
1091 2427 1210 2502 octava

138 2535 215 2595 eret
245 2547 283 2590 ec
311 2523 453 2611 septima
486 2519 690 2603 Claudiana,
736 2519 883 2586 imbutae
910 2520 1024 2587 lavore
1053 2521 1211 2608 Othonis,

139 2628 291 2718 quamvis
313 2624 442 2713 praelio
465 2645 529 2690 nou
551 2623 794 2692 interfuissent.
836 2623 1029 2710 Aquileiam
1053 2647 1210 2715 progres-

141 2753 218 2813 sas,
255 2726 465 2820 proturbatis
496 2726 555 2812 qui
586 2725 629 2792 de
661 2725 794 2792 Othone
822 2727 1040 2806 nuntiabant,
1080 2733 1210 2800 lacera-

139 2839 252 2924 tisque
289 2831 421 2900 vexillis
457 2849 575 2896 nornen
603 2827 739 2929 Vitellii
779 2829 1064 2918 praeferentibus,
1109 2846 1210 2924 rapta

139 2947 311 3030 postremo
331 2933 470 3024 pecunia
493 2941 527 2998 et
551 2933 641 3000 inter
659 2955 697 2998 ee
719 2932 844 3014 diviso,
866 2933 1039 3002 hostiliter
1059 2949 1210 3023 egerant.

138 3041 227 3109 untia
250 3049 360 3108 metus
382 3048 417 3104 et
439 3058 478 3104 ex
503 3047 593 3103 metu
618 3037 813 3104 consilium:
836 3057 937 3127 possa
959 3040 1119 3127 insputari
1140 3041 1211 3110 Vc·

139 3143 295 3236 spasiano
328 3163 415 3231 quae
445 3139 537 3228 apud
566 3139 743 3208 Vitcllium
776 3139 964 3209 excusanda
993 3155 1102 3214 eraut.
1154 3143 1214 3213 lte'

139 3367 175 3417 n.
191 3291 652 3424 tztctattttttttt
693 3289 1210 3426 tiit‘fflitttatititt‘tt

140 3431 432 3486 essentslvcslesnnutt
445 3431 651 3492 pecunttsmul-
694 3431 790 3494 quenti
814 3432 895 3492 actu,
930 3435 1029 3482 contra
1049 3435 1210 3489 obstinatus

139 3505 283 3564 tutamur,
300 3500 360 3549 sira
381 3501 580 3550 absolutionem
601 3501 651 3550 ‹lo-
693 3501 741 3548 vel
761 3501 795 3550 tls
814 3498 924 3562 ingenio
944 3502 992 3551 val
1012 3501 1046 3552 olo
1070 3503 1209 3570 singulari

139 3571 185 3622 nis
210 3573 239 3620 ct
265 3568 441 3628 corruptions
474 3569 651 3618 iudicantium
693 3569 787 3633 allqno
801 3571 866 3620 ectu
879 3573 1037 3634 usurpatur.

139 3637 651 3764 '‘dlfsssicfflffltff'ofsiixaas]
746 3665 865 3721 stim·
882 3704 889 3720 ·
904 3666 1085 3738 mm]
1103 3673 1208 3726 sm

139 3777 242 3829 nouem
259 3787 343 3824 sensu
357 3785 410 3836 quo
424 3771 486 3822 hir.
500 3773 611 3838 xxix,
626 3773 650 3822 1.
695 3741 753 3789 ‘'fl“
771 3737 866 3790 celin
887 3751 994 3804 i¹¹⁰ll¹¹⁰
1015 3741 1209 3804 mulctantur

138 3911 651 3982 a
693 3809 1208 3941 subsannantesque

138 3993 219 4036 suam
247 3993 311 4032 esse
335 3991 447 4030 causans
475 3991 651 4046 perspexere,
694 3947 800 3998 ‘'mu“

138 4055 230 4104 umen
244 4061 304 4102 cern
316 4061 399 4114 porro
414 4049 570 4100 detendunt
580 4049 651 4102 Nam
743 4047 775 4098 c.
795 4043 840 4098 85.
879 4046 1040 4113 tarpeiae-a]
1066 4049 1207 4117 mquam

137 4121 297 4176 ebutium
307 4119 486 4172 intransitive
499 4120 600 4173 nictum
618 4121 650 4170 ut
692 4115 914 4185 beneficium,·ut
927 4113 950 4185 1,
966 4115 1009 4170 55.
1028 4119 1173 4175 Gema,
