2874 4802
433 269 535 342 ΗΒ.
557 267 621 342 ΙΙΙ.
671 267 792 340 GAP.
815 273 923 340 1—2.
1149 271 1215 344 1⁵0

139 446 242 514 tellio
262 444 450 514 Britannici
474 443 641 512 exercituo
669 442 809 510 robora:
840 441 925 532 ipaie
951 461 1013 510 nau
1039 459 1262 512 numerumca.
1396 437 1402 456 '

141 571 261 638 parem
283 551 456 637 pulsarum
478 568 585 636 nuper
603 546 790 633 legionum,
818 555 854 612 et
880 567 1068 634 quanquam
1090 548 1213 614 atroci·

142 661 201 718 ter
221 653 466 739 loquerentur,
503 651 662 718 minorem
691 669 769 716 eoae
804 648 893 738 apud
921 649 1029 718 victos
1057 651 1215 718 animum.

143 754 207 822 aad
236 756 387 832 ‚iueeaaia
420 755 555 822 iuterim
590 751 743 841 Alpium
775 761 952 820 venturum
995 773 1071 819 cum
1105 754 1214 842 copiis

144 858 299 926 Orientis
321 859 523 928 Mucianum.
565 874 743 946 euparceae
764 853 977 943 Vespasiano
997 876 1106 936 mare,
1126 857 1215 924 claa-

145 982 220 1043 aaa,
244 961 357 1030 etodia
379 961 639 1051 provinciarum,
668 980 730 1050 per
750 979 834 1047 quae
856 961 948 1026 velut
968 959 1109 1028 alterius
1130 959 1213 1028 belli

145 1065 265 1136 molem
288 1067 404 1136 cieret.
450 1063 500 1131 ita
526 1063 657 1132 salubri
685 1084 778 1130 mora
802 1083 905 1130 novae
928 1063 1018 1132 virae
1045 1061 1149 1132 affore
1177 1070 1213 1132 ct
1304 1064 1307 1073 '

143 1170 378 1256 praeeeutibue
397 1167 482 1234 nibil
503 1167 702 1257 pariturum.
743 1168 778 1236 2.
798 1165 857 1232 Ad
880 1187 918 1232 aa
938 1167 1112 1234 Autouiue
1134 1164 1213 1234 Pri·
1243 1183 1251 1218 ¹

144 1293 220 1338 mue
240 1273 300 1359 (ia
322 1271 504 1339 acerrimae
525 1269 607 1334 belli
631 1267 833 1356 concitator)
859 1269 1105 1338 faelinatiauem
1125 1271 1211 1359 ipaie

144 1375 282 1455 utilem,
317 1372 461 1441 Vitellio
490 1373 664 1440 exitiosam
695 1371 870 1468 disceruit.
925 1375 1004 1462 plue
1037 1374 1211 1442 socordiae

143 1499 244 1566 quam
274 1475 416 1544 fiduciae
452 1476 647 1542 aeceeeieee.
670 1475 867 1544 victoribus.
923 1497 1031 1562 neque
1058 1477 1144 1543 enirn
1174 1477 1210 1544 iu

143 1582 316 1671 procinctu
337 1587 373 1648 at
393 1580 517 1646 carnia
538 1578 689 1658 habitus,
719 1599 780 1667 par
801 1578 910 1646 omnia
930 1577 1052 1668 ltaliae
1072 1581 1211 1648 muniui-

141 1685 200 1774 pia
223 1682 374 1764 derideo,
402 1690 534 1750 tanturn
556 1682 744 1772 huepitibue
772 1680 985 1764 metuendum
1014 1691 1139 1769 quanto
1159 1685 1210 1752 fa-

142 1787 254 1854 rooiue
282 1793 358 1854 anta
384 1809 422 1854 ee
448 1785 594 1874 egerint,
622 1792 717 1853 tantu
748 1783 904 1874 cupidius
933 1785 1089 1854 insolitae
1116 1789 1210 1856 uolu-

140 1895 256 1982 ptatea
280 1891 446 1960 haunieae.
488 1891 580 1958 circo
609 1909 741 1976 quoque
770 1909 808 1953 ac
831 1889 974 1955 theatrie
1001 1896 1037 1955 et
1065 1894 1210 1958 amoeni-

139 2003 212 2062 tate
234 1993 329 2062 urbia
352 1991 537 2074 emollitos,
560 1999 620 2059 aut
642 1991 885 2060 valitudinibue
906 1993 1024 2060 iaeaoe.
1062 1992 1128 2061 aed
1149 1993 1210 2062 ad·

139 2097 213 2165 dita
238 2099 351 2186 spatio
377 2095 563 2163 rediturum
593 2101 630 2164 at
660 2097 713 2163 hie
740 2095 845 2162 robur
873 2094 1087 2162 meditatione
1115 2099 1209 2170 balli.

139 2221 200 2266 uec
228 2201 347 2287 procul
377 2197 608 2280 Germaniam,
633 2197 722 2266 uude
747 2197 853 2278 virae,
883 2197 1093 2289 Britanniam
1118 2200 1207 2269 irato

140 2301 272 2386 dirimi,
311 2303 403 2369 iuxta
434 2301 566 2370 Galliae
606 2297 875 2388 Hispaniaaquea
917 2303 1075 2389 utrinque
1106 2307 1209 2388 vireo,

139 2425 262 2491 equae,
282 2405 431 2488 tributaa
458 2405 633 2492 iocumque
654 2401 788 2470 ltaliam
811 2412 846 2471 at
867 2425 949 2494 epea
973 2407 1085 2488 urbia,
1114 2429 1154 2473 ao
1176 2411 1209 2475 ei

137 2509 263 2574 inferre
285 2529 377 2574 arma
398 2510 490 2574 ultro
512 2507 636 2586 velint,
657 2505 744 2572 duae
765 2506 907 2591 claaeaa,
934 2530 1139 2598 uacuumque
1158 2509 1208 2578 11-

138 2611 236 2698 lyrici
263 2629 368 2679 mere.
416 2608 510 2698 Quid
538 2617 610 2676 tum
639 2609 791 2676 claustra
819 2609 979 2676 montium
1007 2607 1208 2700 profutura?

138 2711 222 2804 quid
246 2721 391 2780 tractum
413 2712 448 2778 iu
472 2718 634 2778 aestatem
658 2711 756 2776 aliam
779 2705 929 2780 belluini
961 2712 1050 2780 aude
1071 2713 1206 2782 iuterim

136 2817 310 2910 pecuniam
331 2821 368 2884 et
388 2805 616 2882 commeatuei
664 2809 756 2900 Quin
783 2813 896 2901 potine
915 2837 955 2882 eo
975 2815 1052 2903 ipso
1072 2823 1208 2885 uteren-

136 2931 211 3004 tur,
243 2919 332 3009 quud
360 2915 570 2986 Pannonicae
606 2917 754 3002 legiones
783 2915 942 3006 deceptae
969 2918 1077 3006 magis
1105 2940 1206 3008 quam

136 3025 244 3092 uictae
265 3039 441 3107 meurgere
468 3021 504 3088 in
530 3020 691 3087 ultionem
718 3029 915 3110 properant,
941 3021 1082 3090 Moesici
1109 3045 1207 3092 auer-

135 3129 224 3194 eitue
250 3125 400 3213 integrae
427 3123 518 3192 virae
546 3123 734 3192 attulerint.
794 3121 833 3191 Si
867 3145 1025 3192 numerus
1058 3129 1203 3196 militum

135 3229 251 3317 potine
275 3249 373 3317 quam
402 3227 568 3316 legionum
592 3231 750 3316 putetur,
778 3227 856 3315 plue
879 3225 954 3295 hinc
975 3229 1126 3313 roboria,
1153 3231 1205 3302 ui-

183 3405 265 3458 aanor
282 3403 409 3456 matur
428 3403 509 3464 nur]
541 3405 648 3456 scanno
739 3402 852 3464 Iunctae·
871 3405 966 3464 erare]
987 3406 1065 3466 Quod
1083 3408 1204 3470 ucrttuet

133 3476 192 3524 cat:
211 3485 261 3534 oar
278 3484 347 3534 quaa
360 3485 414 3523 uon
434 3474 497 3524 huto
511 3474 558 3523 unt
576 3475 647 3524 tello
689 3473 726 3520 ad
740 3473 883 3534 lllyrtoum
897 3473 1010 3536 eiusque
1022 3475 1204 3528 tttoraatluit.

133 3543 185 3592 aed
198 3551 285 3604 praue
299 3542 383 3591 elteri
401 3541 483 3590 eiunul
503 3551 537 3592 au
552 3545 647 3592 tanto-
690 3541 745 3590 llic
762 3542 848 3592 marte
862 3543 1016 3594 Hadriatici
1034 3557 1102 3608 para
1115 3547 1205 3610 aigul-

134 3613 195 3660 dcm
240 3619 290 3670 nar
329 3612 406 3660 eaaet
442 3613 647 3664 munerando.
689 3609 802 3674 fleatur,
832 3622 887 3675 qua
905 3609 1015 3675 lllyrici
1038 3613 1124 3666 litora
1141 3619 1203 3666 ter·

130 3679 294 3730 Namnetot
307 3681 351 3727 eat
364 3689 459 3740 poena.
689 3679 838 3730 minantur.
869 3681 927 3732 All.
944 3681 1093 3744 murtam
1112 3695 1203 3736 orare.

184 3745 215 3798 c.
229 3747 255 3796 2.
288 3745 554 3808 Antontaalseptlm
603 3747 646 3796 la·
689 3749 805 3800 nurum.

133 3815 224 3878 gnoma
243 3811 351 3878 legatur
366 3827 437 3878 quae
449 3815 567 3866 Gelbtan
600 3817 645 3866 dl-

132 3887 180 3934 cta
191 3885 250 3934 oet:
268 3883 324 3932 viu.
338 3883 375 3950 11,
388 3883 432 3934 0⁸.
736 3883 1202 3950 animumanimumum

182 3953 278 4019 freto]
294 3951 361 4002 scri.
375 3963 409 4004 ec
422 3963 478 4002 uou
492 3947 573 4002 nari.
686 3953 781 4016 plures
795 3955 920 4019 legiones
934 3953 1203 4026 nameccvuarnue,

130 4021 252 4142 &aaa
265 4017 390 4142 aelfw]
408 4021 594 4074 mmmmm
614 4021 644 4072 et
686 4025 736 4073 aad
758 4035 813 4076 non
833 4026 875 4076 tta
892 4023 991 4088 plenae
1009 4026 1040 4075 ut
1059 4023 1199 4080 Flaviani.

173 4101 263 4142 vanua
319 4123 328 4140 .
685 4093 758 4146 um.
