2844 4794
518 259 767 350 cuna-s
888 215 892 233 '
1129 268 1174 335 ss

73 432 119 500 in
153 431 322 522 libertate
349 441 459 519 esset,
487 437 535 504 ita
558 457 620 504 nos
641 433 723 524 quid
745 436 780 502 in
801 437 985 515 seruitute,
1015 405 1172 525 adempto

76 559 156 625 per
195 535 431 625 inquisitiones
463 543 499 604 e't
526 537 683 627 loquendi
712 537 934 627 audiendique
962 541 1171 613 commercio.

76 641 292 706 memorium
318 659 451 729 quoquc
479 638 587 731 ipsum
613 663 687 709 curn
713 663 794 710 uoce
823 641 1110 732 perdidissemus,
1139 643 1171 710 si

76 749 162 808 tarn
199 742 234 808 in
264 753 379 810 nostra
410 753 580 834 potestate
608 751 700 811 esset
730 745 885 814 obliuisci
916 763 1014 832 quom
1047 753 1170 815 tacere.

78 850 119 917 3.
146 843 254 912 Nunc
269 844 400 912 demum
423 845 512 914 redit
537 847 683 928 animum
705 853 740 914 et
762 869 950 938 quanquam
972 848 1079 936 primo
1099 855 1169 917 eta·

80 949 152 1014 tim
180 947 369 1014 beatissimi
390 949 516 1016 sacculi
539 957 615 1018 ortu
637 947 752 1018 Nerva
769 948 895 1019 cessar
917 971 972 1016 res
996 951 1075 1016 oiim
1100 947 1169 1018 dis-

81 1052 277 1118 sociabiles
298 1051 488 1131 miscuerit,
517 1053 739 1141 principatum
765 1077 801 1120 ac
828 1054 1040 1134 libertatern,
1069 1075 1169 1139 auge·

82 1163 199 1244 atque
228 1149 380 1243 quotidie
407 1152 600 1222 felicitatem
631 1162 818 1241 temporum
850 1155 964 1224 Nerua
986 1155 1169 1242 maianus,

9 1297 10 1304 ι
83 1281 152 1324 nec
176 1281 270 1347 spem
295 1257 391 1326 modo
415 1280 452 1324 ac
476 1263 589 1325 votum
619 1258 785 1326 securitas
812 1259 948 1347 publica
977 1260 1037 1326 sed
1059 1261 1167 1348 ipsius

84 1363 165 1430 voti
188 1359 343 1428 fiduciam
368 1383 407 1428 ac
429 1361 534 1428 robur
550 1359 781 1448 assumpserit,
801 1371 922 1430 natura
943 1371 1053 1430 tanen
1074 1363 1167 1429 indr-

9 1491 10 1514 ι
87 1466 230 1532 unitatis
252 1465 414 1532 humanae
437 1462 587 1533 tardiora
610 1470 690 1532 sont
710 1463 857 1532 remedia
880 1486 977 1552 quarn
1000 1467 1102 1548 maia3
1130 1473 1167 1534 et

9 1607 10 1622 ι
86 1577 130 1635 ut
154 1589 299 1660 corpora
326 1575 443 1636 nostra
471 1569 561 1635 lenta
588 1575 790 1654 augescunt,
819 1569 888 1634 cito
917 1569 1166 1654 extinguuntur,
1278 1614 1282 1624 1

9 1685 10 1720 ³
87 1673 140 1740 sic
166 1671 300 1759 ingenia
322 1671 500 1760 studiaque
523 1671 732 1760 oppresseris
753 1671 887 1738 facilius
908 1693 1007 1768 quam
1030 1693 1165 1739 reuoca·
1232 1715 1236 1727 ι

86 1777 195 1846 veris.
247 1773 341 1842 subit
361 1777 486 1864 quippe
505 1774 606 1844 etism
634 1774 742 1862 ipsius
768 1771 909 1840 inertiae
940 1773 1098 1856 dulcedo,
1129 1782 1165 1842 et

87 1879 202 1946 inrisa
229 1880 339 1970 primo
368 1878 498 1945 desidia
521 1885 691 1966 postremo
720 1885 861 1944 amatur.
913 1875 1023 1966 Quid,
1049 1877 1164 1966 siper

89 1984 282 2074 quindecim
306 2003 429 2066 annos,
450 1983 574 2070 grands
597 1981 750 2050 mortuiis
773 1981 846 2047 acui
867 1981 1034 2067 epatium,
1064 1983 1163 2050 multi

159 2175 189 2230 c.
209 2179 235 2227 t.
271 2175 440 2241 seiicttotenu
463 2175 625 2240 temporum
648 2171 791 2224 Dronkius
814 2185 850 2222 cx
873 2173 951 2224 vett
969 2174 1034 2224 coil.
1052 2175 1174 2226 iissoie·

123 2247 194 2296 Lex.
215 2257 313 2298 numm.
334 2245 371 2312 ii,
389 2241 450 2294 iiiii.
477 2246 506 2294 et
521 2244 610 2294 nenti.
628 2241 658 2293 in
674 2244 741 2294 iior.
758 2239 849 2295 Ourna.
867 2243 946 2294 Sacc
963 2243 1007 2292 dd.
1047 2245 1085 2294 nt
1101 2245 1158 2294 Ali.

124 2316 294 2382 felicitatem
310 2313 433 2376 imperii.

157 2440 284 2493 corporo
300 2431 403 2480 nostru
419 2427 509 2478 asciri
525 2441 559 2477 ex
579 2427 632 2480 va.
650 2427 702 2478 Vn.
737 2427 774 2478 nt
796 2423 931 2488 plurimes
948 2427 1006 2476 ΔΕ.
1025 2435 1159 2496 corpora,

125 2499 213 2561 meles
237 2507 289 2548 uec
306 2497 379 2548 enirn
396 2496 492 2548 crustu
507 2496 616 2548 omnino
634 2507 753 2561 corpore
768 2495 936 2560 augescunt,
953 2494 1158 2559 extinguuntur.

143 2633 173 2686 c.
189 2637 216 2683 ει.
248 2643 326 2694 spese
353 2643 388 2682 oc
414 2633 532 2692 coium]
563 2633 601 2682 Ut
643 2629 913 2696 ientiurnoem'mus,
931 2631 1158 2696 nontomsnpi-

94 2705 184 2754 Germ.
195 2703 236 2751 19.
249 2701 318 2752 wer
329 2713 379 2764 cpe
391 2701 514 2762 cctouue
524 2714 601 2752 uuo·
642 2701 717 2766 pedit
732 2735 739 2750 .
759 2735 766 2748 .
786 2696 984 2758 composuisse.
1029 2699 1156 2752 Protesis

94 2774 138 2826 rto
153 2773 237 2824 semel
249 2770 435 2836 tromipttur.
462 2769 516 2818 Per
530 2782 600 2818 neo-
643 2771 736 2832 itaque
749 2767 906 2818 extenditur
921 2779 1007 2829 nuque
1020 2768 1055 2817 ed
1068 2769 1156 2819 'oeni-

94 2854 156 2909 gma
171 2843 285 2892 verbum
304 2839 339 2890 ad
360 2841 408 2889 iios
425 2839 600 2890 accusativos
643 2851 714 2889 usca.
732 2835 811 2888 intra
824 2846 884 2886 eam
897 2835 985 2896 ipsum
999 2835 1075 2900 prior
1088 2850 1155 2900 pars

96 2917 123 2963 et
137 2923 204 2962 vero
225 2911 307 2960 etiarn
326 2907 360 2957 od
381 2904 514 2971 ptductuos
532 2919 600 2970 sup·
643 2906 726 2958 scruti
740 2941 747 2956 .
762 2942 769 2956 .
782 2903 1013 2972 interciderunt,
1038 2908 1068 2954 ut
1082 2906 1154 2958 We-

96 2983 233 3046 pronoen,
257 2977 436 3040 conceperit,⁸
465 2987 527 3026 num
552 2990 602 3028 ue-
643 2976 706 3028 xius
728 2974 813 3036 vidit,
844 2975 937 3036 specie
961 2975 989 3024 et
1013 2977 1156 3026 structure

97 3049 247 3114 sumpserit
266 3045 346 3096 unice
365 3046 400 3096 ud
423 3045 512 3094 rosor
532 3057 601 3108 que·
643 3057 696 3110 per
720 3045 763 3094 est
788 3043 938 3105 posteriori
962 3045 1048 3106 pauci
1074 3045 1155 3098 oeni·

97 3122 164 3171 drot.
198 3117 272 3169 Veii.
290 3115 350 3165 Pat.
368 3113 405 3180 ii,
420 3113 480 3166 10³.
502 3112 601 3166 [austi-
642 3127 722 3180 usuc,
741 3123 843 3174 respue
860 3114 950 3162 auum
967 3115 995 3162 ct
1008 3113 1098 3178 logice
1112 3115 1154 3165 ei-

98 3191 165 3242 tiaes
189 3189 266 3238 titius
293 3184 351 3236 diei
375 3194 601 3248 concursumque
644 3183 704 3235 dcun
722 3183 861 3247 subiecta,
884 3184 1014 3244 tanquam
1035 3183 1154 3236 diceret:

98 3257 220 3310 circatis
233 3258 263 3307 et
277 3256 346 3304 uoto
362 3263 451 3316 poene
469 3250 600 3305 inseren-
643 3253 718 3303 sicut
732 3249 814 3302 muitt
828 3285 835 3300 .
850 3287 856 3299 .
873 3251 1097 3320 interciderunt,
1111 3253 1155 3306 iio

98 3328 166 3378 fluns
179 3329 254 3377 coeio
267 3335 367 3374 munus
383 3333 515 3386 spemque
532 3333 601 3372 cosu-
641 3319 749 3386 pcuci.
766 3357 772 3369 .
790 3318 927 3371 cresimus.
961 3320 1051 3374 noun.

99 3399 202 3458 ceptum
237 3393 394 3455 iili'iimm
435 3391 602 3442 ‘timiam
694 3407 778 3458 mutu
797 3405 925 3468 Lipsiuss
949 3406 1039 3474 ωηο.
1056 3408 1154 3458 dumne

100 3461 330 3522 ocimiflissiiw
352 3459 474 3510 mm
489 3458 603 3525 ΜΡΝ
642 3475 754 3540 raigeri
776 3488 859 3524 muso
881 3475 1048 3538 accipieturc
1079 3477 1153 3528 aiio·

102 3533 149 3583 ric
164 3529 295 3592 renecti
307 3540 464 3592 possumus.
643 3545 709 3605 quie
722 3545 822 3594 ovaret
840 3545 978 3596 ouantis
994 3546 1085 3609 μιιιιο
1098 3546 1152 3594 trr-

148 3611 216 3677 Quid
229 3611 257 3664 si
270 3649 276 3662 .
287 3649 293 3662 .
306 3612 530 3671 interciderunt]
544 3612 601 3660 iis-
642 3612 744 3678 viciis,
775 3613 882 3672 otiosa,
905 3613 1001 3664 'recito
1026 3613 1152 3677 iudignsc

101 3683 161 3748 iiqni
178 3685 245 3732 naec
263 3682 335 3731 sicut
355 3681 439 3744 vulgo
460 3681 597 3743 msciopu-
641 3693 706 3733 nasu
724 3683 797 3744 spuo
808 3682 918 3732 Liuium
931 3683 1036 3744 quiden
1052 3679 1152 3732 similis

9 3749 10 3752 ’
101 3757 187 3816 untur,
212 3761 364 3814 quenquam
385 3749 507 3799 ordinem
531 3762 596 3800 sen·
639 3752 778 3802 sentemie
802 3751 885 3813 piune
916 3751 1076 3801 accessuris
1098 3752 1152 3800 tuit

101 3823 234 3874 tertiarum
247 3819 404 3882 ntqrresdeo
417 3817 559 3886 iiiuduutct
570 3819 598 3869 si
639 3819 801 3886 xxiiim.
824 3819 895 3870 Guuc
910 3821 1022 3870 tostum
1035 3821 1153 3871 suato-

9 3933 10 3938 ,
103 3893 165 3956 quod
189 3889 342 3941 obiicientis
368 3889 509 3950 proprium
543 3889 597 3954 est,
639 3901 707 3940 ruso
726 3890 867 3940 usicercoe
884 3899 1011 3954 papus,
1040 3889 1079 3940 oo
1098 3888 1151 3943 icc

102 3961 243 4024 neutiquam
270 3955 416 4021 perspicio.
451 3956 597 4018 Suspicor:
639 3956 1151 4022 mesenquscosururrquisoueu-

104 4029 194 4096 Quodsi
211 4039 264 4092 per
284 4027 441 4090 quindecies
462 4039 596 4080 ιιιιιιιιι..
639 4027 719 4078 meus
731 4025 959 4090 ιὸιιιιιριιιιιιιι.
981 4025 1083 4078 Nostro
1099 4040 1152 4078 uu·

103 4099 316 4162 interciderunt,
331 4095 418 4161 pauci
432 4131 473 4146 ...
488 4107 544 4160 pes·
557 4097 597 4146 si-
640 4099 696 4148 tem
708 4096 771 4150 ioco
782 4093 865 4148 uuiti
878 4094 951 4145 iden
962 4097 1089 4162 estquod
1101 4111 1153 4152 sse·
