2854 4798
416 267 517 340 ent.
538 267 587 341 ll.
631 264 932 344 CAR-594⁰.
1133 273 1223 341 -123
1303 209 1306 216 ι

146 443 195 510 lis
216 441 290 510 eloe
317 444 525 533 praetentus,
552 465 573 509 e
599 440 775 512 fidissimis
801 439 948 527 Albino,
976 448 1013 510 et
1032 441 1156 514 Festus
1182 465 1271 519 aoso.

148 543 264 636 Seipio
284 547 471 616 cohortium
493 548 657 635 praeferti
677 546 943 640 opprimuntur..
966 548 1047 637 lpse
1062 547 1223 631 Albinus,

147 647 228 716 dnm
255 650 479 739 s'l'ingitsne
506 651 675 742 provinoia
697 650 949 722 Caesariensem
978 650 1221 718 Mauretaniam

147 751 248 840 petit,
270 757 415 845 appulsu
436 755 550 822 litoris
571 753 772 836 truoidatus,
792 777 879 822 uxor
897 755 970 824 eius
991 775 1066 822 eum
1086 775 1124 822 so
1145 775 1223 843 per·

147 857 344 926 eussoribus
366 858 565 940 obtulisset,
587 857 689 924 simul
708 857 884 925 interfante
907 868 976 943 est3
1003 859 1088 926 nihil
1107 879 1222 924 eorum

148 981 237 1046 ques
264 963 384 1028 liereot
403 959 548 1029 Vitellio
575 965 785 1052 anquirente.
815 961 930 1028 'Brevi
959 960 1078 1028 auditu
1105 983 1223 1052 quern·

148 1065 200 1132 vis
224 1087 341 1152 magne
363 1065 547 1144 transibat,
571 1068 679 1155 impar
699 1066 791 1134 euris
815 1063 1037 1149 gravioribus.

253 1167 445 1236 Eseroitum
481 1168 602 1234 itinere
636 1169 792 1237 terrestri
826 1188 966 1254 pergere
1000 1169 1112 1235 iubet:
1148 1167 1223 1258 ipse

148 1269 263 1339 Arere
289 1273 424 1339 llumine
447 1271 638 1352 devehitur,
666 1273 760 1340 nullo
788 1271 966 1360 prinoipeli
994 1281 1131 1358 paratu,
1161 1272 1223 1338 sed

148 1380 261 1442 vetere
282 1381 434 1460 egestate
454 1374 670 1463 oonspieuus,
693 1374 797 1442 donee
816 1373 933 1442 lunius
953 1374 1109 1458 Blaesus,
1129 1375 1223 1461 Lug·

148 1475 308 1545 dunensis
332 1477 463 1546 Galliae
491 1483 621 1560 nestor,
650 1499 770 1564 genere
796 1475 945 1558 illustri,
972 1479 1089 1564 largus
1111 1479 1222 1546 animo

149 1585 185 1647 et
213 1603 276 1670 par
295 1581 436 1670 opibus,
466 1579 689 1648 oiroumduret
715 1579 860 1668 prinoipi
889 1579 1093 1662 ministerio,
1119 1582 1222 1650 sosei-

149 1685 281 1752 laretur
306 1687 513 1766 liberaliter,
548 1705 588 1750 eo
615 1685 690 1773 ipso
717 1686 890 1772 ingratus,
926 1687 1077 1772 quemvis
1108 1686 1221 1753 odium

56 1830 63 1861 ,
148 1785 311 1855 Vitellius
340 1788 522 1856 vernilibus
553 1785 727 1854 blanditiis
758 1789 896 1854 velaret.
956 1784 1098 1857 Preeeto
1127 1792 1221 1858 fuere

148 1891 307 1978 Lugduni
334 1893 520 1960 vintrieiurn
550 1891 780 1978 virtutumque
809 1891 952 1978 partium
982 1889 1097 1962 duoes.
1150 1892 1222 1962 Vo-

148 1995 271 2062 lentem
294 2001 329 2061 et
350 1993 528 2065 caeninam
555 2017 618 2086 pru
640 1996 797 2060 eoneione
822 1989 979 2060 laudatos
1001 1997 1112 2064 euruli
1139 2019 1222 2066 suas

150 2099 403 2187 eiruumposuit.
453 2098 533 2166 Mor
554 2099 744 2164 universum
769 2095 950 2163 exereitum
973 2117 1148 2167 oenurrere
1169 2104 1222 2186 in·
1263 2095 1266 2104 ⁴

149 2203 240 2270 fenti·
262 2200 334 2268 lilio
356 2202 466 2284 iubet,
495 2199 727 2291 perlatumque
746 2206 781 2265 et
802 2197 1038 2286 paludameo'to
1067 2213 1219 2292 opertum

149 2305 226 2372 sinu
248 2306 395 2372 retinens
418 2305 651 2374 Germanieum
675 2300 876 2391 appellavit,
897 2302 1070 2396 uinxitque
1091 2313 1221 2378 eunetis

148 2411 302 2480 fortunae
324 2409 519 2498 prinoipelis
542 2405 740 2494 insignibus.
784 2406 907 2474 nimius
929 2407 1033 2476 bonos
1059 2411 1147 2478 inter
1167 2435 1222 2492 se-¹

148 2512 274 2592 eunde,
294 2513 394 2579 rebus
416 2511 566 2579 adversis
587 2512 623 2577 in
644 2511 802 2580 solatium
824 2511 940 2580 oesoit.
981 2515 1038 2582 bt).
1060 2513 1150 2581 Turn
1171 2517 1221 2584 in.

216 2687 246 2740 G.
265 2687 309 2740 59.
348 2689 470 2754 appulsu
490 2687 587 2738 litoris
610 2701 645 2737 ex
668 2687 724 2736 Mu.
750 2689 780 2737 et
802 2689 862 2737 sn.
884 2687 1005 2737 restitut.
1048 2689 1112 2740 vid.
1139 2693 1221 2743 Roth.

181 2759 250 2810 Exn.
265 2759 302 2810 ud
317 2757 384 2822 Agr.
403 2756 496 2807 xvrt.
515 2757 579 2805 Liv.
597 2755 718 2821 xxvii,
734 2757 778 2806 8⁰·
824 2757 941 2808 lioetem
956 2756 1076 2808 litorum
1098 2765 1222 2826 appulsu

179 2840 306 2881 orrares
328 2828 397 2878 llud.
413 2827 548 2904 appulsus
564 2825 647 2876 litori
663 2837 698 2876 ex
716 2825 796 2877 uult.

214 2925 319 2978 amun
333 2926 392 2976 ean.
410 2939 446 2976 οι
462 2924 495 2975 e.
513 2925 550 2974 st
566 2925 621 2976 sss.
639 2923 744 2978 mou
759 2923 807 2990 as,
825 2935 876 2988 per
893 2922 1108 2990 uasogrepsnn
1123 2905 1222 2980 utine

184 2997 304 3060 proximi
320 2995 401 3048 treet
417 2992 545 3074 repetita.
905 3015 906 3020 κ

200 3131 231 3186 0·
244 3131 289 3186 59.
320 3131 542 3185 mousom..
558 3129 664 3194 unqui-
705 3127 833 3190 privetur
877 3128 1049 3194 splendidior
1085 3129 1221 3196 principe.

149 3206 246 3264 rente]
260 3205 336 3253 Haeo
349 3215 403 3253 nun
416 3203 451 3252 ud
463 3201 589 3264 proximu
599 3211 663 3262 per·
706 3197 786 3248 Pseu.

149 3273 257 3338 tinent,
274 3273 324 3321 sed
336 3273 372 3322 ad
382 3271 475 3322 omniu
486 3279 664 3333 quwounque
755 3265 788 3316 tu
806 3264 942 3317 rotellum
959 3265 1065 3327 reond]
1082 3267 1149 3318 data
1166 3268 1222 3332 ipsi

147 3341 381 3392 deuteuretsniue
391 3341 552 3392 semoribus
567 3341 664 3390 beate·
707 3335 825 3399 intenti,
843 3347 905 3386 num
922 3337 1001 3386 brevi
1018 3338 1086 3398 post
1100 3339 1223 3394 Musteut

123 3445 128 3456 .
150 3425 202 3461 nus
216 3411 332 3461 narratu
345 3413 426 3476 sunt,
447 3409 565 3458 menime
583 3408 618 3458 ed
637 3421 662 3458 o.
706 3405 785 3456 iussu
799 3403 962 3455 interlectos
970 3405 1008 3455 stt
1012 3407 1087 3465 [vid.
1096 3407 1145 3476 lv,
1152 3410 1222 3476 dtu),

149 3479 194 3531 58.
222 3478 400 3540 principium:
431 3478 522 3530 nuntii
550 3489 663 3540 venere,
707 3485 789 3538 quum
815 3473 905 3539 petri,
934 3475 1006 3540 qood
1032 3475 1148 3528 tiliolum
1170 3480 1224 3531 tull

149 3551 281 3610 unguem
294 3559 370 3610 seqq.
386 3549 585 3610 parentheseos
598 3547 663 3596 loeo
706 3547 810 3595 nonore
824 3544 916 3594 ferree
935 3543 1062 3595 inserere
1075 3551 1158 3610 etque
1171 3561 1223 3600 ss-

149 3615 277 3668 uubanus
291 3616 356 3665 sint
706 3612 835 3664 terutteti
865 3615 1057 3664 commendere
1086 3611 1224 3688 properu-
1337 3615 1340 3620 '

201 3684 283 3736 went
306 3685 340 3734 de
359 3693 395 3733 ee
421 3689 453 3732 re
473 3681 574 3732 dletum
594 3692 665 3745 quse
708 3683 805 3732 visset.
840 3681 962 3732 etenim
979 3682 1085 3734 bonine
1098 3688 1166 3737 bueo
1179 3689 1223 3738 dl-

148 3755 212 3804 sine
237 3752 339 3803 adesto
362 3753 523 3818 peragitur,
546 3753 576 3802 ut
597 3753 663 3815 Agr.
706 3753 754 3802 ets
772 3751 852 3814 sunt,
874 3753 1014 3814 tanquan
1033 3751 1063 3802 ln
1082 3752 1160 3805 illum
1175 3757 1222 3808 tn-

149 3822 197 3874 eo.
213 3821 409 3873 breotoseuto.
707 3821 845 3870 lentulum
875 3819 946 3870 idern
970 3820 1103 3872 vldslleet
1131 3825 1224 3893 osdag
1262 3857 1265 3862 ·

200 3890 324 3956 porotsr]
345 3891 378 3939 ll.
391 3903 416 3940 e.
431 3889 578 3950 sppsretu.
709 3889 781 3953 quod
802 3889 835 3938 de
853 3887 986 3953 Agriools
1003 3889 1115 3958 lenitus
1141 3907 1166 3946 e.
1178 3891 1224 3948 tt.

200 3971 258 4026 por
270 3959 379 4024 opttus]
401 3959 519 4019 Propter
529 3969 596 4020 opes
615 3968 667 4020 par
711 3963 878 4023 Quanquam
891 3959 984 4010 medio
997 3957 1029 4008 to
1040 3961 1135 4024 opstto
1147 3963 1225 4016 tote-

151 4029 296 4095 lsrgltlont
311 4026 497 4079 exeroendse.
710 4041 782 4095 pros
811 4028 918 4078 oetotts
943 4028 1061 4091 ereptus
1087 4034 1226 4096 meum

201 4111 234 4152 es
247 4098 309 4166 tpso
322 4098 471 4166 maratus]
496 4093 567 4158 (luta
587 4095 667 4146 bono
710 4097 748 4150 od
769 4094 892 4164 ptortsus
910 4095 1106 4164 consumam
1123 4115 1227 4156 oseuss
