<?xml version="1.0" encoding="UTF-8"?>
<!DOCTYPE html PUBLIC "-//W3C//DTD XHTML 1.0 Transitional//EN"
    "http://www.w3.org/TR/xhtml1/DTD/xhtml1-transitional.dtd">
<html xmlns="http://www.w3.org/1999/xhtml" xml:lang="en" lang="en">
 <head>
  <title>
</title>
<meta http-equiv="Content-Type" content="text/html;charset=utf-8" />
  <meta name='ocr-system' content='tesseract 3.04.00' />
  <meta name='ocr-capabilities' content='ocr_page ocr_carea ocr_par ocr_line ocrx_word'/>
</head>
<body>
  <div class='ocr_page' id='page_1' title='image "./ccorneliitaciti23tacigoog/ccorneliitaciti23tacigoog_0080.png"; bbox 0 0 2844 4798; ppageno 0'>
   <div class='ocr_carea' id='block_1_1' title="bbox 455 235 1239 374">
    <p class='ocr_par' dir='ltr' id='par_1_1' title="bbox 455 235 1239 374">
     <span class='ocr_line' id='line_1_1' title="bbox 455 235 1239 374; baseline -0.001 -5"><span class='ocrx_word' id='word_1_1' title='bbox 455 297 562 372; x_wconf 88' lang='lat' dir='ltr'><strong>LIB.</strong></span> <span class='ocrx_word' id='word_1_2' title='bbox 579 297 611 374; x_wconf 88' lang='lat'><strong>1.</strong></span> <span class='ocrx_word' id='word_1_3' title='bbox 645 295 768 371; x_wconf 77' lang='lat' dir='ltr'><strong>GAP.</strong></span> <span class='ocrx_word' id='word_1_4' title='bbox 788 299 942 370; x_wconf 81' lang='lat'><strong>10-11.</strong></span> <span class='ocrx_word' id='word_1_5' title='bbox 1165 235 1172 246; x_wconf 37' lang='grc' dir='ltr'>Ι</span> <span class='ocrx_word' id='word_1_6' title='bbox 1194 295 1239 368; x_wconf 81' lang='lat' dir='ltr'><strong>la</strong></span> 
     </span>
    </p>
   </div>
   <div class='ocr_carea' id='block_1_2' title="bbox 12 470 1286 2941">
    <p class='ocr_par' dir='ltr' id='par_1_2' title="bbox 12 470 1286 2941">
     <span class='ocr_line' id='line_1_2' title="bbox 159 470 1286 562; baseline -0.003 -18"><span class='ocrx_word' id='word_1_7' title='bbox 159 475 219 544; x_wconf 88' lang='lat' dir='ltr'><strong>tiis</strong></span> <span class='ocrx_word' id='word_1_8' title='bbox 242 471 381 542; x_wconf 85' lang='lat' dir='ltr'><strong>disereti</strong></span> <span class='ocrx_word' id='word_1_9' title='bbox 402 473 589 555; x_wconf 84' lang='lat' dir='ltr'><strong>exereitus,</strong></span> <span class='ocrx_word' id='word_1_10' title='bbox 618 471 709 562; x_wconf 84' lang='lat' dir='ltr'><strong>quod</strong></span> <span class='ocrx_word' id='word_1_11' title='bbox 731 472 988 540; x_wconf 83' lang='lat' dir='ltr'><strong>saluberrimum</strong></span> <span class='ocrx_word' id='word_1_12' title='bbox 1009 476 1064 539; x_wconf 87' lang='lat' dir='ltr'><strong>est</strong></span> <span class='ocrx_word' id='word_1_13' title='bbox 1086 470 1130 540; x_wconf 88' lang='lat' dir='ltr'><strong>ad</strong></span> <span class='ocrx_word' id='word_1_14' title='bbox 1157 488 1286 541; x_wconf 68' lang='lat' dir='ltr'><strong>eonon</strong></span> 
     </span>
     <span class='ocr_line' id='line_1_3' title="bbox 160 575 1237 661; baseline -0.001 -15"><span class='ocrx_word' id='word_1_15' title='bbox 160 575 329 646; x_wconf 87' lang='lat' dir='ltr'><strong>tineadam</strong></span> <span class='ocrx_word' id='word_1_16' title='bbox 352 579 531 645; x_wconf 81' lang='lat' dir='ltr'><strong>mititarem</strong></span> <span class='ocrx_word' id='word_1_17' title='bbox 554 577 670 661; x_wconf 87' lang='lat' dir='ltr'><strong>iidem,</strong></span> <span class='ocrx_word' id='word_1_18' title='bbox 692 597 753 645; x_wconf 89' lang='lat' dir='ltr'><strong>nso</strong></span> <span class='ocrx_word' id='word_1_19' title='bbox 773 577 866 646; x_wconf 82' lang='lat' dir='ltr'><strong>vitiis</strong></span> <span class='ocrx_word' id='word_1_20' title='bbox 887 597 949 644; x_wconf 88' lang='lat' dir='ltr'><strong>neo</strong></span> <span class='ocrx_word' id='word_1_21' title='bbox 967 577 1095 645; x_wconf 82' lang='lat' dir='ltr'><strong>viribus</strong></span> <span class='ocrx_word' id='word_1_22' title='bbox 1117 577 1237 645; x_wconf 86' lang='lat' dir='ltr'><strong>misos-</strong></span> 
     </span>
     <span class='ocr_line' id='line_1_4' title="bbox 160 679 1237 774; baseline 0 -26"><span class='ocrx_word' id='word_1_23' title='bbox 160 681 294 751; x_wconf 86' lang='lat' dir='ltr'><strong>bantnr.</strong></span> <span class='ocrx_word' id='word_1_24' title='bbox 347 685 401 752; x_wconf 84' lang='lat'><strong>1⁰.</strong></span> <span class='ocrx_word' id='word_1_25' title='bbox 434 681 558 749; x_wconf 86' lang='lat' dir='ltr'><strong>Oriens</strong></span> <span class='ocrx_word' id='word_1_26' title='bbox 581 681 689 748; x_wconf 89' lang='lat' dir='ltr'><strong>adbuo</strong></span> <span class='ocrx_word' id='word_1_27' title='bbox 710 681 882 749; x_wconf 86' lang='lat' dir='ltr'><strong>immotus.</strong></span> <span class='ocrx_word' id='word_1_28' title='bbox 926 679 1060 774; x_wconf 80' lang='lat' dir='ltr'><strong>Syriam</strong></span> <span class='ocrx_word' id='word_1_29' title='bbox 1082 687 1118 748; x_wconf 86' lang='lat' dir='ltr'><strong>et</strong></span> <span class='ocrx_word' id='word_1_30' title='bbox 1139 689 1237 769; x_wconf 64' lang='lat' dir='ltr'><strong>quat</strong></span> 
     </span>
     <span class='ocr_line' id='line_1_5' title="bbox 160 781 1236 870; baseline 0 -18"><span class='ocrx_word' id='word_1_31' title='bbox 160 793 240 852; x_wconf 87' lang='lat' dir='ltr'><strong>tuor</strong></span> <span class='ocrx_word' id='word_1_32' title='bbox 259 785 407 870; x_wconf 78' lang='lat' dir='ltr'><strong>legiones</strong></span> <span class='ocrx_word' id='word_1_33' title='bbox 429 783 600 852; x_wconf 75' lang='lat' dir='ltr'>obtinebat</span> <span class='ocrx_word' id='word_1_34' title='bbox 619 781 770 851; x_wconf 85' lang='lat' dir='ltr'><strong>Lioinius</strong></span> <span class='ocrx_word' id='word_1_35' title='bbox 791 785 984 865; x_wconf 74' lang='lat' dir='ltr'><strong>Munianus,</strong></span> <span class='ocrx_word' id='word_1_36' title='bbox 1005 784 1059 852; x_wconf 87' lang='lat' dir='ltr'><strong>vir</strong></span> <span class='ocrx_word' id='word_1_37' title='bbox 1079 781 1236 852; x_wconf 82' lang='lat' dir='ltr'><strong>senuudis</strong></span> 
     </span>
     <span class='ocr_line' id='line_1_6' title="bbox 161 885 1236 975; baseline 0.003 -22"><span class='ocrx_word' id='word_1_38' title='bbox 161 885 378 975; x_wconf 86' lang='lat' dir='ltr'><strong>adversisque</strong></span> <span class='ocrx_word' id='word_1_39' title='bbox 410 887 504 954; x_wconf 86' lang='lat' dir='ltr'><strong>iuxta</strong></span> <span class='ocrx_word' id='word_1_40' title='bbox 532 889 695 957; x_wconf 79' lang='lat' dir='ltr'><strong>famosus.</strong></span> <span class='ocrx_word' id='word_1_41' title='bbox 737 888 886 974; x_wconf 71' lang='lat' dir='ltr'><strong>insignes</strong></span> <span class='ocrx_word' id='word_1_42' title='bbox 914 889 1080 954; x_wconf 71' lang='lat' dir='ltr'><strong>amicitias</strong></span> <span class='ocrx_word' id='word_1_43' title='bbox 1106 887 1236 956; x_wconf 78' lang='lat' dir='ltr'><strong>invenis</strong></span> 
     </span>
     <span class='ocr_line' id='line_1_7' title="bbox 160 989 1236 1082; baseline 0.002 -26"><span class='ocrx_word' id='word_1_44' title='bbox 160 989 337 1056; x_wconf 85' lang='lat' dir='ltr'><strong>ambitiosa</strong></span> <span class='ocrx_word' id='word_1_45' title='bbox 359 990 530 1073; x_wconf 76' lang='lat' dir='ltr'><strong>noluerat3</strong></span> <span class='ocrx_word' id='word_1_46' title='bbox 559 1011 633 1057; x_wconf 85' lang='lat' dir='ltr'><strong>mox</strong></span> <span class='ocrx_word' id='word_1_47' title='bbox 656 991 785 1070; x_wconf 86' lang='lat' dir='ltr'><strong>attritis</strong></span> <span class='ocrx_word' id='word_1_48' title='bbox 808 993 949 1082; x_wconf 89' lang='lat' dir='ltr'><strong>opibus,</strong></span> <span class='ocrx_word' id='word_1_49' title='bbox 976 991 1107 1060; x_wconf 88' lang='lat' dir='ltr'><strong>lubrioo</strong></span> <span class='ocrx_word' id='word_1_50' title='bbox 1129 999 1236 1074; x_wconf 86' lang='lat' dir='ltr'><strong>statu,</strong></span> 
     </span>
     <span class='ocr_line' id='line_1_8' title="bbox 158 1092 1235 1181; baseline 0.004 -23"><span class='ocrx_word' id='word_1_51' title='bbox 158 1099 317 1181; x_wconf 88' lang='lat' dir='ltr'><strong>snspeota</strong></span> <span class='ocrx_word' id='word_1_52' title='bbox 345 1093 447 1161; x_wconf 88' lang='lat' dir='ltr'><strong>etiam</strong></span> <span class='ocrx_word' id='word_1_53' title='bbox 476 1092 611 1164; x_wconf 82' lang='lat' dir='ltr'><strong>Claudii</strong></span> <span class='ocrx_word' id='word_1_54' title='bbox 639 1093 832 1177; x_wconf 81' lang='lat' dir='ltr'><strong>irsoundia,</strong></span> <span class='ocrx_word' id='word_1_55' title='bbox 866 1097 902 1162; x_wconf 89' lang='lat' dir='ltr'><strong>in</strong></span> <span class='ocrx_word' id='word_1_56' title='bbox 931 1103 1098 1163; x_wconf 87' lang='lat' dir='ltr'><strong>ssorstum</strong></span> <span class='ocrx_word' id='word_1_57' title='bbox 1126 1093 1235 1164; x_wconf 79' lang='lat' dir='ltr'><strong>Asiae</strong></span> 
     </span>
     <span class='ocr_line' id='line_1_9' title="bbox 12 1197 1235 1288; baseline 0.001 -23"><span class='ocrx_word' id='word_1_58' title='bbox 12 1270 15 1278; x_wconf 62' lang='grc'><em>,</em></span> <span class='ocrx_word' id='word_1_59' title='bbox 159 1199 329 1288; x_wconf 85' lang='lat' dir='ltr'><strong>repositus</strong></span> <span class='ocrx_word' id='word_1_60' title='bbox 348 1207 417 1265; x_wconf 87' lang='lat' dir='ltr'><strong>tam</strong></span> <span class='ocrx_word' id='word_1_61' title='bbox 440 1219 545 1288; x_wconf 88' lang='lat' dir='ltr'><strong>propa</strong></span> <span class='ocrx_word' id='word_1_62' title='bbox 567 1197 609 1264; x_wconf 87' lang='lat' dir='ltr'><strong>ab</strong></span> <span class='ocrx_word' id='word_1_63' title='bbox 630 1200 726 1266; x_wconf 83' lang='lat' dir='ltr'><strong>exule</strong></span> <span class='ocrx_word' id='word_1_64' title='bbox 748 1199 815 1265; x_wconf 79' lang='lat' dir='ltr'><strong>fuit</strong></span> <span class='ocrx_word' id='word_1_65' title='bbox 836 1217 934 1286; x_wconf 85' lang='lat' dir='ltr'><strong>quam</strong></span> <span class='ocrx_word' id='word_1_66' title='bbox 957 1206 1077 1288; x_wconf 88' lang='lat' dir='ltr'><strong>postea</strong></span> <span class='ocrx_word' id='word_1_67' title='bbox 1099 1219 1119 1266; x_wconf 86' lang='lat' dir='ltr'><strong>a</strong></span> <span class='ocrx_word' id='word_1_68' title='bbox 1140 1199 1235 1288; x_wconf 86' lang='lat' dir='ltr'><strong>prin-</strong></span> 
     </span>
     <span class='ocr_line' id='line_1_10' title="bbox 157 1301 1234 1392; baseline 0 -24"><span class='ocrx_word' id='word_1_69' title='bbox 157 1301 247 1392; x_wconf 86' lang='lat' dir='ltr'><strong>oipe.</strong></span> <span class='ocrx_word' id='word_1_70' title='bbox 295 1302 448 1383; x_wconf 81' lang='lat' dir='ltr'><strong>luxuria,</strong></span> <span class='ocrx_word' id='word_1_71' title='bbox 475 1301 664 1384; x_wconf 86' lang='lat' dir='ltr'><strong>industria,</strong></span> <span class='ocrx_word' id='word_1_72' title='bbox 695 1302 869 1387; x_wconf 76' lang='lat' dir='ltr'><strong>comitata,</strong></span> <span class='ocrx_word' id='word_1_73' title='bbox 896 1301 1107 1388; x_wconf 73' lang='lat' dir='ltr'><strong>arrogantia,</strong></span> <span class='ocrx_word' id='word_1_74' title='bbox 1134 1301 1234 1368; x_wconf 87' lang='lat' dir='ltr'><strong>maiis</strong></span> 
     </span>
     <span class='ocr_line' id='line_1_11' title="bbox 159 1404 1235 1494; baseline -0.001 -23"><span class='ocrx_word' id='word_1_75' title='bbox 159 1404 322 1494; x_wconf 75' lang='lat' dir='ltr'><strong>bonisque</strong></span> <span class='ocrx_word' id='word_1_76' title='bbox 349 1407 481 1476; x_wconf 88' lang='lat' dir='ltr'><strong>artibus</strong></span> <span class='ocrx_word' id='word_1_77' title='bbox 511 1406 650 1474; x_wconf 85' lang='lat' dir='ltr'><strong>mixtus.</strong></span> <span class='ocrx_word' id='word_1_78' title='bbox 698 1405 820 1472; x_wconf 83' lang='lat' dir='ltr'><strong>nimias</strong></span> <span class='ocrx_word' id='word_1_79' title='bbox 840 1404 1050 1494; x_wconf 85' lang='lat' dir='ltr'><strong>voluptates,</strong></span> <span class='ocrx_word' id='word_1_80' title='bbox 1077 1423 1152 1471; x_wconf 82' lang='lat' dir='ltr'><strong>oum</strong></span> <span class='ocrx_word' id='word_1_81' title='bbox 1176 1421 1235 1470; x_wconf 83' lang='lat' dir='ltr'><strong>vs·</strong></span> 
     </span>
     <span class='ocr_line' id='line_1_12' title="bbox 159 1507 1275 1598; baseline 0 -24"><span class='ocrx_word' id='word_1_82' title='bbox 159 1513 272 1574; x_wconf 81' lang='lat' dir='ltr'><strong>earet:</strong></span> <span class='ocrx_word' id='word_1_83' title='bbox 308 1510 463 1597; x_wconf 85' lang='lat' dir='ltr'><strong>quotiens</strong></span> <span class='ocrx_word' id='word_1_84' title='bbox 493 1507 705 1598; x_wconf 75' lang='lat' dir='ltr'><strong>expedierat,</strong></span> <span class='ocrx_word' id='word_1_85' title='bbox 742 1527 880 1594; x_wconf 80' lang='lat' dir='ltr'><strong>magnae</strong></span> <span class='ocrx_word' id='word_1_86' title='bbox 907 1507 1065 1578; x_wconf 84' lang='lat' dir='ltr'><strong>virtutos.</strong></span> <span class='ocrx_word' id='word_1_87' title='bbox 1121 1507 1233 1596; x_wconf 81' lang='lat' dir='ltr'><strong>palam</strong></span> <span class='ocrx_word' id='word_1_88' title='bbox 1268 1531 1275 1542; x_wconf 91' lang='lat'>·</span> 
     </span>
     <span class='ocr_line' id='line_1_13' title="bbox 158 1607 1236 1700; baseline 0.001 -22"><span class='ocrx_word' id='word_1_89' title='bbox 158 1607 334 1681; x_wconf 84' lang='lat' dir='ltr'><strong>laudares:</strong></span> <span class='ocrx_word' id='word_1_90' title='bbox 359 1617 489 1680; x_wconf 87' lang='lat' dir='ltr'><strong>saerata</strong></span> <span class='ocrx_word' id='word_1_91' title='bbox 511 1613 598 1680; x_wconf 86' lang='lat' dir='ltr'><strong>mela</strong></span> <span class='ocrx_word' id='word_1_92' title='bbox 621 1610 814 1682; x_wconf 75' lang='lat' dir='ltr'><strong>audiebant.</strong></span> <span class='ocrx_word' id='word_1_93' title='bbox 862 1607 923 1678; x_wconf 87' lang='lat' dir='ltr'><strong>sed</strong></span> <span class='ocrx_word' id='word_1_94' title='bbox 942 1608 1236 1700; x_wconf 82' lang='lat' dir='ltr'><strong>apudsnbieetos,</strong></span> 
     </span>
     <span class='ocr_line' id='line_1_14' title="bbox 158 1713 1234 1810; baseline -0.003 -25"><span class='ocrx_word' id='word_1_95' title='bbox 158 1717 248 1807; x_wconf 88' lang='lat' dir='ltr'><strong>apud</strong></span> <span class='ocrx_word' id='word_1_96' title='bbox 268 1719 459 1810; x_wconf 81' lang='lat' dir='ltr'><strong>proximos,</strong></span> <span class='ocrx_word' id='word_1_97' title='bbox 487 1713 576 1803; x_wconf 88' lang='lat' dir='ltr'><strong>apud</strong></span> <span class='ocrx_word' id='word_1_98' title='bbox 606 1717 753 1802; x_wconf 81' lang='lat' dir='ltr'><strong>oollegas</strong></span> <span class='ocrx_word' id='word_1_99' title='bbox 776 1713 879 1782; x_wconf 85' lang='lat' dir='ltr'><strong>variis</strong></span> <span class='ocrx_word' id='word_1_100' title='bbox 907 1713 1077 1782; x_wconf 72' lang='lat' dir='ltr'><strong>illecebris</strong></span> <span class='ocrx_word' id='word_1_101' title='bbox 1102 1721 1234 1806; x_wconf 86' lang='lat' dir='ltr'><strong>potens,</strong></span> 
     </span>
     <span class='ocr_line' id='line_1_15' title="bbox 157 1817 1233 1910; baseline 0.004 -23"><span class='ocrx_word' id='word_1_102' title='bbox 157 1827 192 1887; x_wconf 92' lang='lat' dir='ltr'><strong>et</strong></span> <span class='ocrx_word' id='word_1_103' title='bbox 211 1820 264 1887; x_wconf 83' lang='lat' dir='ltr'><strong>eui</strong></span> <span class='ocrx_word' id='word_1_104' title='bbox 279 1817 467 1910; x_wconf 71' lang='lat' dir='ltr'><strong>expeditius</strong></span> <span class='ocrx_word' id='word_1_105' title='bbox 481 1817 586 1885; x_wconf 87' lang='lat' dir='ltr'><strong>inerit</strong></span> <span class='ocrx_word' id='word_1_106' title='bbox 604 1818 739 1887; x_wconf 88' lang='lat' dir='ltr'><strong>tradere</strong></span> <span class='ocrx_word' id='word_1_107' title='bbox 758 1818 934 1908; x_wconf 86' lang='lat' dir='ltr'><strong>imperium</strong></span> <span class='ocrx_word' id='word_1_108' title='bbox 952 1839 1051 1907; x_wconf 82' lang='lat' dir='ltr'><strong>qoam</strong></span> <span class='ocrx_word' id='word_1_109' title='bbox 1068 1817 1233 1892; x_wconf 83' lang='lat' dir='ltr'><strong>obtinere.</strong></span> 
     </span>
     <span class='ocr_line' id='line_1_16' title="bbox 156 1919 1233 2013; baseline 0.001 -22"><span class='ocrx_word' id='word_1_110' title='bbox 156 1921 289 1992; x_wconf 78' lang='lat' dir='ltr'><strong>balium</strong></span> <span class='ocrx_word' id='word_1_111' title='bbox 306 1921 480 1998; x_wconf 77' lang='lat' dir='ltr'><strong>Iudaicum</strong></span> <span class='ocrx_word' id='word_1_112' title='bbox 494 1919 632 1990; x_wconf 81' lang='lat' dir='ltr'><strong>Flavius</strong></span> <span class='ocrx_word' id='word_1_113' title='bbox 647 1922 877 2013; x_wconf 80' lang='lat' dir='ltr'><strong>Vespasianus</strong></span> <span class='ocrx_word' id='word_1_114' title='bbox 898 1921 1032 2012; x_wconf 87' lang='lat' dir='ltr'><strong>(duosm</strong></span> <span class='ocrx_word' id='word_1_115' title='bbox 1050 1941 1126 1990; x_wconf 87' lang='lat' dir='ltr'><strong>snm</strong></span> <span class='ocrx_word' id='word_1_116' title='bbox 1137 1919 1233 1992; x_wconf 81' lang='lat' dir='ltr'><strong>Nero</strong></span> 
     </span>
     <span class='ocr_line' id='line_1_17' title="bbox 156 2024 1234 2114; baseline 0.003 -22"><span class='ocrx_word' id='word_1_117' title='bbox 156 2025 351 2114; x_wconf 79' lang='lat' dir='ltr'><strong>delegarat)</strong></span> <span class='ocrx_word' id='word_1_118' title='bbox 388 2027 499 2092; x_wconf 87' lang='lat' dir='ltr'><strong>tribus</strong></span> <span class='ocrx_word' id='word_1_119' title='bbox 523 2025 713 2110; x_wconf 81' lang='lat' dir='ltr'><strong>legionibus</strong></span> <span class='ocrx_word' id='word_1_120' title='bbox 742 2025 1012 2097; x_wconf 78' lang='lat' dir='ltr'><strong>administrabat.</strong></span> <span class='ocrx_word' id='word_1_121' title='bbox 1066 2024 1141 2096; x_wconf 80' lang='lat' dir='ltr'><strong>Neo</strong></span> <span class='ocrx_word' id='word_1_122' title='bbox 1162 2025 1234 2096; x_wconf 82' lang='lat' dir='ltr'><strong>Vs-</strong></span> 
     </span>
     <span class='ocr_line' id='line_1_18' title="bbox 157 2128 1233 2222; baseline 0.002 -26"><span class='ocrx_word' id='word_1_123' title='bbox 157 2129 314 2217; x_wconf 88' lang='lat' dir='ltr'><strong>spasiaun</strong></span> <span class='ocrx_word' id='word_1_124' title='bbox 345 2129 506 2198; x_wconf 86' lang='lat' dir='ltr'><strong>adversus</strong></span> <span class='ocrx_word' id='word_1_125' title='bbox 530 2128 671 2197; x_wconf 82' lang='lat' dir='ltr'><strong>Galbam</strong></span> <span class='ocrx_word' id='word_1_126' title='bbox 700 2135 814 2202; x_wconf 80' lang='lat' dir='ltr'><strong>vntum</strong></span> <span class='ocrx_word' id='word_1_127' title='bbox 844 2129 1075 2197; x_wconf 84' lang='lat' dir='ltr'><strong>antonimus:</strong></span> <span class='ocrx_word' id='word_1_128' title='bbox 1107 2132 1233 2222; x_wconf 79' lang='lat' dir='ltr'><strong>quippe</strong></span> 
     </span>
     <span class='ocr_line' id='line_1_19' title="bbox 156 2231 1235 2319; baseline 0.001 -18"><span class='ocrx_word' id='word_1_129' title='bbox 156 2231 274 2301; x_wconf 85' lang='lat' dir='ltr'><strong>Titum</strong></span> <span class='ocrx_word' id='word_1_130' title='bbox 298 2233 405 2300; x_wconf 73' lang='lat' dir='ltr'><strong>tiliam</strong></span> <span class='ocrx_word' id='word_1_131' title='bbox 434 2231 477 2300; x_wconf 90' lang='lat' dir='ltr'><strong>ad</strong></span> <span class='ocrx_word' id='word_1_132' title='bbox 499 2232 743 2300; x_wconf 85' lang='lat' dir='ltr'><strong>venerationem</strong></span> <span class='ocrx_word' id='word_1_133' title='bbox 766 2231 960 2319; x_wconf 82' lang='lat' dir='ltr'><strong>saltumque</strong></span> <span class='ocrx_word' id='word_1_134' title='bbox 983 2231 1057 2299; x_wconf 87' lang='lat' dir='ltr'><strong>sius</strong></span> <span class='ocrx_word' id='word_1_135' title='bbox 1080 2233 1235 2319; x_wconf 83' lang='lat' dir='ltr'><strong>miserat,</strong></span> 
     </span>
     <span class='ocr_line' id='line_1_20' title="bbox 155 2331 1233 2422; baseline 0.005 -21"><span class='ocrx_word' id='word_1_136' title='bbox 155 2343 196 2401; x_wconf 87' lang='lat' dir='ltr'><strong>ut</strong></span> <span class='ocrx_word' id='word_1_137' title='bbox 217 2357 279 2402; x_wconf 91' lang='lat' dir='ltr'><strong>suo</strong></span> <span class='ocrx_word' id='word_1_138' title='bbox 300 2338 374 2404; x_wconf 88' lang='lat' dir='ltr'><strong>loeo</strong></span> <span class='ocrx_word' id='word_1_139' title='bbox 398 2335 668 2404; x_wconf 80' lang='lat' dir='ltr'><strong>memorabimus.</strong></span> <span class='ocrx_word' id='word_1_140' title='bbox 718 2335 862 2402; x_wconf 86' lang='lat' dir='ltr'><strong>Oooulta</strong></span> <span class='ocrx_word' id='word_1_141' title='bbox 883 2335 958 2422; x_wconf 76' lang='lat' dir='ltr'><strong>lege</strong></span> <span class='ocrx_word' id='word_1_142' title='bbox 980 2331 1043 2402; x_wconf 87' lang='lat' dir='ltr'><strong>iati</strong></span> <span class='ocrx_word' id='word_1_143' title='bbox 1064 2343 1100 2404; x_wconf 86' lang='lat' dir='ltr'><strong>st</strong></span> <span class='ocrx_word' id='word_1_144' title='bbox 1120 2345 1233 2406; x_wconf 88' lang='lat' dir='ltr'><strong>ostan-</strong></span> 
     </span>
     <span class='ocr_line' id='line_1_21' title="bbox 156 2435 1232 2530; baseline 0.005 -26"><span class='ocrx_word' id='word_1_145' title='bbox 156 2439 204 2505; x_wconf 90' lang='lat' dir='ltr'><strong>tis</strong></span> <span class='ocrx_word' id='word_1_146' title='bbox 227 2461 265 2505; x_wconf 87' lang='lat' dir='ltr'><strong>an</strong></span> <span class='ocrx_word' id='word_1_147' title='bbox 287 2442 461 2529; x_wconf 86' lang='lat' dir='ltr'><strong>responsis</strong></span> <span class='ocrx_word' id='word_1_148' title='bbox 484 2438 688 2506; x_wconf 87' lang='lat' dir='ltr'><strong>destinatum</strong></span> <span class='ocrx_word' id='word_1_149' title='bbox 710 2435 923 2528; x_wconf 84' lang='lat' dir='ltr'><strong>Vespasiano</strong></span> <span class='ocrx_word' id='word_1_150' title='bbox 951 2437 1136 2530; x_wconf 82' lang='lat' dir='ltr'><strong>liberisque</strong></span> <span class='ocrx_word' id='word_1_151' title='bbox 1158 2439 1232 2509; x_wconf 84' lang='lat' dir='ltr'><strong>eius</strong></span> 
     </span>
     <span class='ocr_line' id='line_1_22' title="bbox 155 2540 1233 2633; baseline 0.006 -27"><span class='ocrx_word' id='word_1_152' title='bbox 155 2541 329 2630; x_wconf 89' lang='lat' dir='ltr'><strong>imperium</strong></span> <span class='ocrx_word' id='word_1_153' title='bbox 349 2549 429 2632; x_wconf 85' lang='lat' dir='ltr'><strong>post</strong></span> <span class='ocrx_word' id='word_1_154' title='bbox 444 2543 611 2610; x_wconf 80' lang='lat' dir='ltr'><strong>fortunam</strong></span> <span class='ocrx_word' id='word_1_155' title='bbox 625 2540 842 2612; x_wconf 72' lang='lat' dir='ltr'><strong>credidimus.</strong></span> <span class='ocrx_word' id='word_1_156' title='bbox 886 2544 941 2611; x_wconf 91' lang='lat' dir='ltr'><strong>ll.</strong></span> <span class='ocrx_word' id='word_1_157' title='bbox 961 2541 1159 2633; x_wconf 71' lang='lat' dir='ltr'><strong>Aegyptum</strong></span> <span class='ocrx_word' id='word_1_158' title='bbox 1176 2567 1233 2613; x_wconf 90' lang='lat' dir='ltr'><strong>oo·</strong></span> 
     </span>
     <span class='ocr_line' id='line_1_23' title="bbox 155 2641 1232 2734; baseline 0.006 -24"><span class='ocrx_word' id='word_1_159' title='bbox 155 2646 313 2733; x_wconf 87' lang='lat' dir='ltr'><strong>piasque,</strong></span> <span class='ocrx_word' id='word_1_160' title='bbox 339 2647 461 2734; x_wconf 84' lang='lat' dir='ltr'><strong>quibus</strong></span> <span class='ocrx_word' id='word_1_161' title='bbox 483 2651 711 2726; x_wconf 76' lang='lat' dir='ltr'><strong>comeretur,</strong></span> <span class='ocrx_word' id='word_1_162' title='bbox 739 2641 807 2711; x_wconf 88' lang='lat' dir='ltr'><strong>iam</strong></span> <span class='ocrx_word' id='word_1_163' title='bbox 828 2641 906 2712; x_wconf 87' lang='lat' dir='ltr'><strong>indo</strong></span> <span class='ocrx_word' id='word_1_164' title='bbox 928 2667 948 2713; x_wconf 85' lang='lat' dir='ltr'><strong>a</strong></span> <span class='ocrx_word' id='word_1_165' title='bbox 971 2645 1048 2716; x_wconf 85' lang='lat' dir='ltr'><strong>divo</strong></span> <span class='ocrx_word' id='word_1_166' title='bbox 1069 2646 1232 2734; x_wconf 69' lang='lat' dir='ltr'><strong>namara</strong></span> 
     </span>
     <span class='ocr_line' id='line_1_24' title="bbox 153 2746 1232 2842; baseline 0.005 -28"><span class='ocrx_word' id='word_1_167' title='bbox 153 2747 286 2836; x_wconf 85' lang='lat' dir='ltr'><strong>equitas</strong></span> <span class='ocrx_word' id='word_1_168' title='bbox 306 2746 448 2816; x_wconf 82' lang='lat' dir='ltr'><strong>Romani</strong></span> <span class='ocrx_word' id='word_1_169' title='bbox 476 2747 630 2816; x_wconf 83' lang='lat' dir='ltr'><strong>obtinent</strong></span> <span class='ocrx_word' id='word_1_170' title='bbox 658 2747 734 2814; x_wconf 84' lang='lat' dir='ltr'><strong>loeo</strong></span> <span class='ocrx_word' id='word_1_171' title='bbox 763 2767 896 2834; x_wconf 71' lang='lat' dir='ltr'><strong>regum:</strong></span> <span class='ocrx_word' id='word_1_172' title='bbox 926 2751 975 2816; x_wconf 84' lang='lat' dir='ltr'><strong>ita</strong></span> <span class='ocrx_word' id='word_1_173' title='bbox 1002 2750 1111 2818; x_wconf 83' lang='lat' dir='ltr'><strong>visum</strong></span> <span class='ocrx_word' id='word_1_174' title='bbox 1132 2771 1232 2842; x_wconf 85' lang='lat' dir='ltr'><strong>expe·</strong></span> 
     </span>
     <span class='ocr_line' id='line_1_25' title="bbox 153 2849 1232 2941; baseline 0.004 -22"><span class='ocrx_word' id='word_1_175' title='bbox 153 2849 240 2933; x_wconf 85' lang='lat' dir='ltr'><strong>dira,</strong></span> <span class='ocrx_word' id='word_1_176' title='bbox 260 2851 463 2941; x_wconf 81' lang='lat' dir='ltr'><strong>prouinaiam</strong></span> <span class='ocrx_word' id='word_1_177' title='bbox 487 2851 582 2920; x_wconf 89' lang='lat' dir='ltr'><strong>aditu</strong></span> <span class='ocrx_word' id='word_1_178' title='bbox 595 2849 778 2932; x_wconf 84' lang='lat' dir='ltr'><strong>diiboilem,</strong></span> <span class='ocrx_word' id='word_1_179' title='bbox 796 2873 944 2920; x_wconf 89' lang='lat' dir='ltr'><strong>annonae</strong></span> <span class='ocrx_word' id='word_1_180' title='bbox 965 2851 1152 2936; x_wconf 80' lang='lat' dir='ltr'><strong>ineundam,</strong></span> <span class='ocrx_word' id='word_1_181' title='bbox 1173 2877 1232 2923; x_wconf 82' lang='lat' dir='ltr'><strong>su-</strong></span> 
     </span>
    </p>
   </div>
   <div class='ocr_carea' id='block_1_3' title="bbox 185 3031 1231 3242">
    <p class='ocr_par' dir='ltr' id='par_1_3' title="bbox 185 3031 1231 3242">
     <span class='ocr_line' id='line_1_26' title="bbox 220 3031 1230 3108; baseline 0.011 -19"><span class='ocrx_word' id='word_1_182' title='bbox 220 3031 251 3089; x_wconf 81' lang='lat' dir='ltr'><strong>c.</strong></span> <span class='ocrx_word' id='word_1_183' title='bbox 266 3039 309 3090; x_wconf 85' lang='lat'><strong>10.</strong></span> <span class='ocrx_word' id='word_1_184' title='bbox 343 3039 534 3106; x_wconf 66' lang='lat' dir='ltr'><strong>obmutuisse</strong></span> <span class='ocrx_word' id='word_1_185' title='bbox 552 3039 612 3092; x_wconf 83' lang='lat' dir='ltr'><strong>edd.</strong></span> <span class='ocrx_word' id='word_1_186' title='bbox 630 3054 665 3092; x_wconf 81' lang='lat' dir='ltr'><strong>ax</strong></span> <span class='ocrx_word' id='word_1_187' title='bbox 679 3041 712 3092; x_wconf 71' lang='lat' dir='ltr'><strong>G.</strong></span> <span class='ocrx_word' id='word_1_188' title='bbox 730 3041 768 3093; x_wconf 80' lang='lat' dir='ltr'><strong>At</strong></span> <span class='ocrx_word' id='word_1_189' title='bbox 784 3042 839 3092; x_wconf 77' lang='lat' dir='ltr'><strong>oia.</strong></span> <span class='ocrx_word' id='word_1_190' title='bbox 856 3041 918 3107; x_wconf 72' lang='lat' dir='ltr'><strong>laps</strong></span> <span class='ocrx_word' id='word_1_191' title='bbox 934 3039 1047 3098; x_wconf 80' lang='lat' dir='ltr'><strong>omlttit.</strong></span> <span class='ocrx_word' id='word_1_192' title='bbox 1080 3043 1230 3108; x_wconf 75' lang='lat' dir='ltr'><strong>flosptoor:</strong></span> 
     </span>
     <span class='ocr_line' id='line_1_27' title="bbox 185 3107 1231 3242; baseline 0.008 -82"><span class='ocrx_word' id='word_1_193' title='bbox 185 3107 408 3242; x_wconf 55' lang='lat' dir='ltr'><strong>gppptppltgpti,</strong></span> <span class='ocrx_word' id='word_1_194' title='bbox 432 3113 463 3162; x_wconf 92' lang='lat' dir='ltr'><strong>ut</strong></span> <span class='ocrx_word' id='word_1_195' title='bbox 484 3113 556 3164; x_wconf 77' lang='lat' dir='ltr'><strong>Anu.</strong></span> <span class='ocrx_word' id='word_1_196' title='bbox 580 3111 605 3178; x_wconf 86' lang='lat'><strong>1,</strong></span> <span class='ocrx_word' id='word_1_197' title='bbox 622 3111 667 3163; x_wconf 84' lang='grc'><strong>61.</strong></span> <span class='ocrx_word' id='word_1_198' title='bbox 693 3111 817 3163; x_wconf 77' lang='lat' dir='ltr'><strong>Humido</strong></span> <span class='ocrx_word' id='word_1_199' title='bbox 838 3111 985 3176; x_wconf 79' lang='lat' dir='ltr'><strong>paludum·</strong></span> <span class='ocrx_word' id='word_1_200' title='bbox 1019 3110 1084 3167; x_wconf 79' lang='lat' dir='ltr'><strong>vio.</strong></span> <span class='ocrx_word' id='word_1_201' title='bbox 1100 3113 1183 3170; x_wconf 77' lang='lat' dir='ltr'><strong>usar.</strong></span> <span class='ocrx_word' id='word_1_202' title='bbox 1199 3115 1231 3168; x_wconf 84' lang='lat' dir='ltr'><strong>in</strong></span> 
     </span>
    </p>
   </div>
   <div class='ocr_carea' id='block_1_4' title="bbox 151 3343 1228 3480">
    <p class='ocr_par' dir='ltr' id='par_1_4' title="bbox 151 3343 1228 3480">
     <span class='ocr_line' id='line_1_28' title="bbox 203 3343 1228 3418; baseline 0.005 -21"><span class='ocrx_word' id='word_1_203' title='bbox 203 3345 238 3398; x_wconf 81' lang='lat' dir='ltr'><strong>c,</strong></span> <span class='ocrx_word' id='word_1_204' title='bbox 254 3347 297 3398; x_wconf 79' lang='lat' dir='ltr'><strong>tu.</strong></span> <span class='ocrx_word' id='word_1_205' title='bbox 330 3345 496 3412; x_wconf 68' lang='lat' dir='ltr'><strong>sepultus]</strong></span> <span class='ocrx_word' id='word_1_206' title='bbox 526 3347 670 3400; x_wconf 73' lang='lat' dir='ltr'><strong>Acidaliae</strong></span> <span class='ocrx_word' id='word_1_207' title='bbox 712 3343 919 3410; x_wconf 73' lang='lat' dir='ltr'><strong>provinciarum</strong></span> <span class='ocrx_word' id='word_1_208' title='bbox 939 3347 1066 3400; x_wconf 87' lang='lat' dir='ltr'><strong>raotorss</strong></span> <span class='ocrx_word' id='word_1_209' title='bbox 1086 3347 1228 3418; x_wconf 74' lang='lat' dir='ltr'><strong>intelligit,</strong></span> 
     </span>
     <span class='ocr_line' id='line_1_29' title="bbox 151 3414 1203 3480; baseline 0 -16"><span class='ocrx_word' id='word_1_210' title='bbox 151 3414 312 3478; x_wconf 78' lang='lat' dir='ltr'><strong>suspicatur</strong></span> <span class='ocrx_word' id='word_1_211' title='bbox 326 3419 468 3480; x_wconf 73' lang='lat' dir='ltr'><strong>sepositus</strong></span> <span class='ocrx_word' id='word_1_212' title='bbox 484 3419 515 3468; x_wconf 88' lang='lat' dir='ltr'><strong>ut</strong></span> <span class='ocrx_word' id='word_1_213' title='bbox 529 3433 552 3468; x_wconf 85' lang='lat' dir='ltr'><strong>o.</strong></span> <span class='ocrx_word' id='word_1_214' title='bbox 568 3419 611 3468; x_wconf 75' lang='grc'><strong>13.</strong></span> <span class='ocrx_word' id='word_1_215' title='bbox 623 3417 670 3472; x_wconf 79' lang='grc'><strong>88.</strong></span> <span class='ocrx_word' id='word_1_216' title='bbox 712 3419 744 3468; x_wconf 84' lang='lat' dir='ltr'><strong>ut</strong></span> <span class='ocrx_word' id='word_1_217' title='bbox 760 3415 867 3480; x_wconf 66' lang='lat' dir='ltr'><strong>Agma.</strong></span> <span class='ocrx_word' id='word_1_218' title='bbox 1197 3439 1203 3457; x_wconf 68' lang='grc' dir='ltr'>ι</span> 
     </span>
    </p>
   </div>
   <div class='ocr_carea' id='block_1_5' title="bbox 150 3483 1229 3674">
    <p class='ocr_par' dir='ltr' id='par_1_5' title="bbox 150 3483 1229 3674">
     <span class='ocr_line' id='line_1_30' title="bbox 150 3483 1229 3566; baseline 0.016 -31"><span class='ocrx_word' id='word_1_219' title='bbox 150 3486 223 3535; x_wconf 76' lang='lat' dir='ltr'><strong>Anu.</strong></span> <span class='ocrx_word' id='word_1_220' title='bbox 239 3485 290 3552; x_wconf 82' lang='lat' dir='ltr'><strong>lv,</strong></span> <span class='ocrx_word' id='word_1_221' title='bbox 304 3483 350 3537; x_wconf 79' lang='grc'><strong>44.</strong></span> <span class='ocrx_word' id='word_1_222' title='bbox 374 3487 456 3538; x_wconf 77' lang='lat' dir='ltr'><strong>fluas</strong></span> <span class='ocrx_word' id='word_1_223' title='bbox 472 3487 670 3550; x_wconf 70' lang='lat' dir='ltr'><strong>sepossthu·</strong></span> <span class='ocrx_word' id='word_1_224' title='bbox 763 3513 816 3552; x_wconf 68' lang='lat' dir='ltr'><strong>m</strong></span> <span class='ocrx_word' id='word_1_225' title='bbox 834 3501 897 3552; x_wconf 70' lang='lat' dir='ltr'><strong>soso</strong></span> <span class='ocrx_word' id='word_1_226' title='bbox 914 3497 1146 3566; x_wconf 65' lang='lat' dir='ltr'><strong>samm]</strong></span> <span class='ocrx_word' id='word_1_227' title='bbox 1162 3501 1229 3558; x_wconf 75' lang='lat' dir='ltr'><strong>vlu.</strong></span> 
     </span>
     <span class='ocr_line' id='line_1_31' title="bbox 152 3555 792 3674; baseline 0.028 -71"><span class='ocrx_word' id='word_1_228' title='bbox 152 3555 255 3674; x_wconf 54' lang='lat' dir='ltr'><strong>m</strong></span> <span class='ocrx_word' id='word_1_229' title='bbox 283 3556 314 3606; x_wconf 78' lang='lat' dir='ltr'><strong>ta</strong></span> <span class='ocrx_word' id='word_1_230' title='bbox 335 3555 485 3608; x_wconf 66' lang='lat' dir='ltr'><strong>daumero</strong></span> <span class='ocrx_word' id='word_1_231' title='bbox 505 3555 671 3610; x_wconf 66' lang='lat' dir='ltr'><strong>uuam·</strong></span> <span class='ocrx_word' id='word_1_232' title='bbox 713 3567 750 3639; x_wconf 86' lang='grc'><strong>11,</strong></span> <span class='ocrx_word' id='word_1_233' title='bbox 764 3567 792 3620; x_wconf 86' lang='lat'><strong>1.</strong></span> 
     </span>
    </p>
   </div>
   <div class='ocr_carea' id='block_1_6' title="bbox 149 3651 1294 4066">
    <p class='ocr_par' dir='ltr' id='par_1_6' title="bbox 759 3651 1228 3720">
     <span class='ocr_line' id='line_1_32' title="bbox 759 3651 1228 3720; baseline 0.013 -16"><span class='ocrx_word' id='word_1_234' title='bbox 759 3651 1228 3720; x_wconf 70' lang='lat' dir='ltr'><strong>postfertunamJPostquamooa·</strong></span> 
     </span>
    </p>

    <p class='ocr_par' dir='ltr' id='par_1_7' title="bbox 149 3703 1294 4066">
     <span class='ocr_line' id='line_1_33' title="bbox 205 3703 1228 3793; baseline 0.008 -21"><span class='ocrx_word' id='word_1_235' title='bbox 205 3703 336 3772; x_wconf 68' lang='lat' dir='ltr'><strong>queam</strong></span> <span class='ocrx_word' id='word_1_236' title='bbox 352 3705 538 3770; x_wconf 73' lang='lat' dir='ltr'><strong>essessa-as]</strong></span> <span class='ocrx_word' id='word_1_237' title='bbox 555 3705 622 3759; x_wconf 69' lang='lat' dir='ltr'><strong>sdi-</strong></span> <span class='ocrx_word' id='word_1_238' title='bbox 637 3723 669 3761; x_wconf 75' lang='lat' dir='ltr'><strong>sa</strong></span> <span class='ocrx_word' id='word_1_239' title='bbox 712 3723 753 3786; x_wconf 81' lang='lat' dir='ltr'><strong>pit</strong></span> <span class='ocrx_word' id='word_1_240' title='bbox 768 3724 922 3791; x_wconf 72' lang='lat' dir='ltr'><strong>imperare,</strong></span> <span class='ocrx_word' id='word_1_241' title='bbox 940 3725 971 3772; x_wconf 81' lang='lat' dir='ltr'><strong>ut</strong></span> <span class='ocrx_word' id='word_1_242' title='bbox 984 3721 1036 3789; x_wconf 87' lang='grc' dir='ltr'>ιιι,</span> <span class='ocrx_word' id='word_1_243' title='bbox 1049 3719 1094 3777; x_wconf 75' lang='lat' dir='ltr'><strong>aa.</strong></span> <span class='ocrx_word' id='word_1_244' title='bbox 1122 3727 1228 3793; x_wconf 72' lang='lat' dir='ltr'><strong>vaspa-</strong></span> 
     </span>
     <span class='ocr_line' id='line_1_34' title="bbox 151 3775 1227 3858; baseline 0.007 -33"><span class='ocrx_word' id='word_1_245' title='bbox 151 3775 316 3844; x_wconf 79' lang='lat' dir='ltr'><strong>eobanum,</strong></span> <span class='ocrx_word' id='word_1_246' title='bbox 341 3779 372 3827; x_wconf 89' lang='lat' dir='ltr'><strong>ot</strong></span> <span class='ocrx_word' id='word_1_247' title='bbox 388 3790 411 3828; x_wconf 86' lang='lat' dir='ltr'><strong>o.</strong></span> <span class='ocrx_word' id='word_1_248' title='bbox 428 3777 471 3829; x_wconf 62' lang='grc' dir='ltr'>ω</span> <span class='ocrx_word' id='word_1_249' title='bbox 487 3789 521 3829; x_wconf 84' lang='lat' dir='ltr'><strong>ae</strong></span> <span class='ocrx_word' id='word_1_250' title='bbox 534 3779 616 3842; x_wconf 84' lang='lat' dir='ltr'><strong>pians</strong></span> <span class='ocrx_word' id='word_1_251' title='bbox 630 3779 668 3848; x_wconf 89' lang='lat'><strong>11,</strong></span> <span class='ocrx_word' id='word_1_252' title='bbox 711 3793 792 3844; x_wconf 67' lang='lat' dir='ltr'><strong>,pm</strong></span> <span class='ocrx_word' id='word_1_253' title='bbox 822 3793 891 3843; x_wconf 63' lang='lat' dir='ltr'><strong>am</strong></span> <span class='ocrx_word' id='word_1_254' title='bbox 926 3791 1080 3858; x_wconf 68' lang='lat' dir='ltr'><strong>portum</strong></span> <span class='ocrx_word' id='word_1_255' title='bbox 1107 3796 1227 3849; x_wconf 60' lang='lat' dir='ltr'><strong>amm,</strong></span> 
     </span>
     <span class='ocr_line' id='line_1_35' title="bbox 150 3845 1227 3933; baseline 0.021 -40"><span class='ocrx_word' id='word_1_256' title='bbox 150 3845 196 3894; x_wconf 78' lang='grc'><strong>99.</strong></span> <span class='ocrx_word' id='word_1_257' title='bbox 713 3863 782 3913; x_wconf 75' lang='lat' dir='ltr'><strong>Aut:</strong></span> <span class='ocrx_word' id='word_1_258' title='bbox 805 3861 950 3925; x_wconf 80' lang='lat' dir='ltr'><strong>postquam</strong></span> <span class='ocrx_word' id='word_1_259' title='bbox 968 3861 1072 3932; x_wconf 83' lang='lat' dir='ltr'><strong>evenit,</strong></span> <span class='ocrx_word' id='word_1_260' title='bbox 1089 3857 1181 3933; x_wconf 60' lang='lat' dir='ltr'><strong>sius,</strong></span> <span class='ocrx_word' id='word_1_261' title='bbox 1194 3868 1227 3916; x_wconf 89' lang='lat' dir='ltr'><strong>ut</strong></span> 
     </span>
     <span class='ocr_line' id='line_1_36' title="bbox 198 3925 1294 4000; baseline 0.006 -20"><span class='ocrx_word' id='word_1_262' title='bbox 198 3930 295 3995; x_wconf 74' lang='lat' dir='ltr'><strong>potum</strong></span> <span class='ocrx_word' id='word_1_263' title='bbox 312 3928 444 3981; x_wconf 68' lang='lat' dir='ltr'><strong>sffieotlvi</strong></span> <span class='ocrx_word' id='word_1_264' title='bbox 459 3929 521 3981; x_wconf 80' lang='lat' dir='ltr'><strong>vtes</strong></span> <span class='ocrx_word' id='word_1_265' title='bbox 531 3931 667 4000; x_wconf 75' lang='lat' dir='ltr'><strong>iungitur,</strong></span> <span class='ocrx_word' id='word_1_266' title='bbox 709 3933 781 3982; x_wconf 78' lang='lat' dir='ltr'><strong>Anu.</strong></span> <span class='ocrx_word' id='word_1_267' title='bbox 795 3929 818 3996; x_wconf 90' lang='lat'><strong>1,</strong></span> <span class='ocrx_word' id='word_1_268' title='bbox 830 3929 874 3980; x_wconf 74' lang='lat'><strong>³1.</strong></span> <span class='ocrx_word' id='word_1_269' title='bbox 898 3929 1060 3983; x_wconf 73' lang='lat' dir='ltr'><strong>Fortunam</strong></span> <span class='ocrx_word' id='word_1_270' title='bbox 1077 3933 1227 3986; x_wconf 80' lang='lat' dir='ltr'><strong>sedtttonts</strong></span> <span class='ocrx_word' id='word_1_271' title='bbox 1287 3925 1294 3954; x_wconf 88' lang='lat'>¹</span> 
     </span>
     <span class='ocr_line' id='line_1_37' title="bbox 149 3997 1066 4066; baseline 0.004 -18"><span class='ocrx_word' id='word_1_272' title='bbox 149 3999 181 4048; x_wconf 86' lang='lat' dir='ltr'><strong>nt</strong></span> <span class='ocrx_word' id='word_1_273' title='bbox 201 3999 274 4050; x_wconf 79' lang='grc' dir='ltr'>Διιιι.</span> <span class='ocrx_word' id='word_1_274' title='bbox 296 3997 377 4064; x_wconf 75' lang='lat' dir='ltr'><strong>xvi,</strong></span> <span class='ocrx_word' id='word_1_275' title='bbox 399 3998 425 4050; x_wconf 83' lang='lat'><strong>5.</strong></span> <span class='ocrx_word' id='word_1_276' title='bbox 451 3997 554 4052; x_wconf 76' lang='lat' dir='ltr'><strong>diuitis</strong></span> <span class='ocrx_word' id='word_1_277' title='bbox 571 4001 668 4066; x_wconf 75' lang='lat' dir='ltr'><strong>pateas</strong></span> <span class='ocrx_word' id='word_1_278' title='bbox 709 3999 820 4054; x_wconf 71' lang='grc' dir='ltr'><strong>αῐῐιιωο</strong></span> <span class='ocrx_word' id='word_1_279' title='bbox 835 3997 1066 4066; x_wconf 71' lang='lat' dir='ltr'><strong>speculabantur.</strong></span> 
     </span>
    </p>
   </div>
   <div class='ocr_carea' id='block_1_7' title="bbox 149 4067 1224 4225">
    <p class='ocr_par' dir='ltr' id='par_1_8' title="bbox 149 4067 1224 4225">
     <span class='ocr_line' id='line_1_38' title="bbox 149 4067 1224 4152; baseline 0.001 -32"><span class='ocrx_word' id='word_1_280' title='bbox 149 4067 181 4121; x_wconf 79' lang='lat' dir='ltr'><strong>at</strong></span> <span class='ocrx_word' id='word_1_281' title='bbox 195 4067 330 4134; x_wconf 79' lang='lat' dir='ltr'><strong>pluribus</strong></span> <span class='ocrx_word' id='word_1_282' title='bbox 350 4067 478 4124; x_wconf 69' lang='lat' dir='ltr'><strong>semaa.</strong></span> <span class='ocrx_word' id='word_1_283' title='bbox 759 4081 791 4137; x_wconf 80' lang='lat' dir='ltr'><strong>c,</strong></span> <span class='ocrx_word' id='word_1_284' title='bbox 805 4083 847 4133; x_wconf 73' lang='grc' dir='ltr'><strong>η,</strong></span> <span class='ocrx_word' id='word_1_285' title='bbox 890 4095 1021 4136; x_wconf 62' lang='grc' dir='ltr'><strong>Μ,</strong></span> <span class='ocrx_word' id='word_1_286' title='bbox 1051 4083 1224 4152; x_wconf 56' lang='lat' dir='ltr'><strong>pem]</strong></span> 
     </span>
     <span class='ocr_line' id='line_1_39' title="bbox 200 4151 1224 4225; baseline 0 -19"><span class='ocrx_word' id='word_1_287' title='bbox 200 4153 279 4220; x_wconf 75' lang='lat' dir='ltr'><strong>apud</strong></span> <span class='ocrx_word' id='word_1_288' title='bbox 299 4153 438 4222; x_wconf 67' lang='lat' dir='ltr'><strong>eampse]</strong></span> <span class='ocrx_word' id='word_1_289' title='bbox 472 4151 666 4208; x_wconf 74' lang='lat' dir='ltr'><strong>rimamarum</strong></span> <span class='ocrx_word' id='word_1_290' title='bbox 708 4153 856 4208; x_wconf 70' lang='lat' dir='ltr'><strong>Genittvos</strong></span> <span class='ocrx_word' id='word_1_291' title='bbox 869 4155 913 4205; x_wconf 83' lang='lat' dir='ltr'><strong>est</strong></span> <span class='ocrx_word' id='word_1_292' title='bbox 927 4155 958 4206; x_wconf 90' lang='lat' dir='ltr'><strong>ut</strong></span> <span class='ocrx_word' id='word_1_293' title='bbox 969 4153 1099 4225; x_wconf 80' lang='lat' dir='ltr'><strong>Annvl,</strong></span> <span class='ocrx_word' id='word_1_294' title='bbox 1113 4155 1156 4210; x_wconf 79' lang='lat'><strong>27.</strong></span> <span class='ocrx_word' id='word_1_295' title='bbox 1171 4165 1224 4219; x_wconf 81' lang='lat' dir='ltr'><strong>pro</strong></span> 
     </span>
    </p>
   </div>
   <div class='ocr_carea' id='block_1_8' title="bbox 0 0 1426 4798">
    <p class='ocr_par' dir='ltr' id='par_1_9' title="bbox 0 0 1426 4798">
     <span class='ocr_line' id='line_1_40' title="bbox 0 0 1426 4798; baseline 0 3"><span class='ocrx_word' id='word_1_296' title='bbox 0 0 1426 4798; x_wconf 95' lang='lat' dir='ltr'><strong> </strong></span> 
     </span>
    </p>
   </div>
  </div>
 </body>
</html>
