2854 4798
418 289 522 366 LIB.
543 291 574 362 1.
612 288 734 365 CAP.
754 293 914 365 32-33.
1159 293 1205 364 31

125 467 280 559 pensiore
300 489 380 536 eura
395 467 505 537 Galba
524 465 709 538 referebat.
751 467 808 540 32.
828 464 996 536 Universa
1018 465 1085 534 iam
1106 465 1257 556 plebsssp.

124 573 288 662 palatium
319 572 499 660 implebat,
527 571 642 638 mixtis
670 570 819 638 servitiis
842 578 879 637 et
900 569 1036 639 dissono
1058 572 1206 640 elamore

125 674 260 744 oeedern
292 675 438 744 Othonis
475 683 511 741 et
538 675 788 742 oouiuratorurn
816 673 953 742 exitium
986 675 1208 766 poeeentiurn,

124 787 165 846 ut
185 781 217 847 ei
237 780 271 846 in
292 780 382 848 eireo
405 801 443 847 ae
465 779 599 848 theatro
620 777 789 846 ludierutn
816 777 951 867 aliquod
973 780 1205 867 postularent:

123 905 233 972 neque
253 883 325 950 illie
348 883 513 952 iudicium
537 893 596 950 aut
614 884 758 963 veritas,
784 886 909 970 quippe
937 880 1053 950 eodem
1074 882 1129 952 dia
1153 882 1208 956 di·-

123 1009 222 1058 uersa
258 987 335 1075 pari
367 989 550 1056 cartamine
583 984 826 1075 postulaturis,
857 982 919 1051 ead
947 986 1075 1057 tradito
1111 1011 1205 1058 more

123 1111 354 1181 quemcunque
377 1091 559 1182 prinoipem
583 1085 744 1156 adulandi
768 1087 905 1155 lieeutia
927 1091 1204 1170 eeolarnatiouum

124 1201 162 1262 et
188 1191 313 1262 studiis
339 1195 507 1264 inanibus.
556 1191 698 1260 Interim
728 1189 870 1260 Galbam
901 1189 988 1260 duae
1016 1197 1204 1264 sententiae

123 1295 341 1368 distinebant.
382 1296 487 1365 Titus
504 1295 629 1364 Vinius
651 1295 849 1368 manendum
870 1294 960 1362 iutra
982 1294 1127 1382 domurn,
1145 1323 1205 1391 ep-

125 1399 280 1492 peueuda
304 1399 456 1484 seruitia,
476 1399 657 1467 firmandos
673 1398 799 1484 editus,
820 1421 885 1466 nen
904 1397 1048 1467 eundum
1070 1401 1113 1470 ad
1134 1403 1204 1470 ira·
1330 1395 1336 1408 ’

109 1513 181 1576 eor
203 1505 374 1576 oensebat.
417 1504 514 1572 daret
536 1503 698 1568 malorum
723 1505 957 1591 poenitentiae,
980 1501 1079 1571 daret
1099 1505 1204 1573 loue-

123 1631 199 1678 ruru
219 1609 399 1676 ooneeueui
420 1607 578 1697 spatium.
628 1608 756 1674 seelera
779 1607 923 1698 impetu,
953 1607 1040 1675 bona
1060 1609 1204 1678 oonsilia

123 1735 219 1783 mura
238 1714 420 1782 valescere.
464 1707 607 1797 denique
628 1709 730 1778 eundi
749 1712 853 1794 ultro,
874 1713 905 1778 si
927 1713 1015 1779 ratio
1036 1713 1102 1795 sit,
1124 1734 1204 1780 ean-

123 1817 198 1886 dam
222 1837 297 1884 rnox
319 1814 536 1896 laeultaterun
558 1835 754 1900 regressus,
777 1815 808 1882 si
831 1815 1017 1904 poeniteat,
1038 1817 1073 1882 in
1092 1817 1203 1885 aliena

64 1985 69 1994 .
122 1926 305 2012 potestate.
344 1921 401 1987 33.
423 1917 663 1990 Festinandum
679 1919 802 1986 ueteris
815 1917 1003 2002 ridebatur,
1022 1927 1201 2008 antequam

122 2029 292 2094 ereeeerat
313 2018 459 2088 invalida
479 2019 586 2090 adhue
608 2025 795 2092 eoniuratio
813 2043 1007 2112 paucorum.
1051 2022 1203 2114 trepida-

121 2139 235 2198 turum
259 2125 361 2194 atiaur
384 2123 573 2210 Othonem,
600 2129 659 2217 qui
680 2128 796 2195 furtim
820 2125 1012 2220 digressus,
1041 2127 1084 2196 ad
1107 2129 1203 2215 igna-

121 2255 181 2300 rue
202 2232 332 2311 illatus,
353 2231 566 2298 euuetatieue
587 2251 673 2298 uuuu
694 2239 729 2299 et
747 2231 891 2318 segnitie
911 2234 1090 2299 terentium
1115 2239 1202 2300 tem·

121 2359 188 2425 pus
215 2331 343 2402 imitari
372 2325 556 2423 prinoipem
588 2333 712 2404 diseat.
771 2357 836 2403 uon
866 2335 1127 2424 exportandum,
1160 2343 1202 2405 ut
1232 2317 1236 2338 ⁸

123 2435 320 2526 oempositis
343 2437 465 2504 eastris
485 2439 594 2506 lerum
618 2438 755 2507 invadat
776 2447 812 2506 et
835 2446 1069 2527 prospeotante
1090 2438 1201 2508 Galba

122 2541 331 2631 capitolium
356 2537 471 2622 adeat,
509 2541 587 2610 duru
617 2545 772 2630 egregius
800 2543 985 2630 imperator
1005 2565 1079 2610 euru
1100 2543 1201 2611 lerti-
1247 2582 1250 2592 ·

121 2645 187 2712 bue
210 2641 328 2709 amieis
349 2641 448 2710 ianua
473 2666 512 2712 ae
543 2647 657 2714 linrine
680 2657 778 2716 tanus
801 2644 934 2712 domurn
954 2647 1082 2730 eludit,
1108 2647 1203 2715 obsi·

121 2747 254 2816 dionem
276 2745 432 2813 nimirum
455 2749 674 2819 tolereturus.
726 2759 762 2817 et
789 2753 998 2840 praeolarum
1027 2750 1063 2817 iu
1090 2749 1200 2819 servis

119 2851 301 2932 auxilium,
335 2847 367 2916 ei
396 2871 580 2920 oenseneue
612 2861 727 2920 tantae
762 2853 989 2922 multitudinis
1024 2860 1077 2937 et,
1111 2874 1199 2943 qnae

117 2955 300 3046 plurimum
322 2955 430 3036 valet,
452 2955 560 3044 prima
582 2955 767 3043 indignatio
789 2959 1014 3044 elangueseat.
1057 2955 1200 3048 proinde

116 3059 228 3127 intuta
247 3078 333 3148 quae
356 3057 526 3130 indoaoru.
569 3059 623 3128 rel
644 3060 675 3128 si
697 3058 817 3161 eadere
839 3083 975 3132 uaoeese
996 3062 1061 3145 eit,
1082 3083 1200 3130 oeour·

182 3207 306 3263 emittere
319 3208 480 3277 Acidaliae,
498 3211 619 3266 sedtum
633 3213 713 3264 tiss.
729 3213 761 3264 ut
777 3225 801 3265 o.
816 3209 861 3268 4⁵.

167 3307 201 3363 G.
214 3310 260 3364 ³2.
303 3310 356 3362 red
387 3311 502 3364 tradito
531 3313 634 3373 errore]
728 3309 817 3364 tenuo
837 3343 869 3366 ..
890 3311 995 3372 tenses]
1024 3311 1129 3375 Nempe
1149 3311 1197 3376 qui

115 3379 238 3430 vunan
252 3381 635 3443 mesopotamenus·
676 3381 767 3432 tortee
788 3383 895 3432 domurn
915 3377 1063 3447 claudunt,
1088 3381 1108 3432 ii
1130 3394 1197 3433 oor-

115 3447 149 3498 dt
160 3449 342 3510 repetendum
352 3451 412 3515 eet,
430 3451 633 3504 mosomum.
676 3451 791 3514 ponens
806 3451 919 3515 cingunt
933 3452 963 3500 et
977 3451 1136 3502 obsistendo
1145 3452 1197 3502 de-

115 3517 172 3566 Aut
184 3529 287 3582 apere.
303 3517 424 3583 opsono
436 3521 633 3586 supplendum
677 3521 808 3584 tentante
826 3521 921 3586 ignari
935 3522 1033 3572 oontn
1052 3521 1124 3572 setis
1144 3523 1196 3572 tre-

116 3585 189 3648 quod
201 3585 238 3636 ed
256 3587 329 3660 idern
341 3587 402 3637 tere
416 3589 497 3639 redit.
677 3591 743 3640 aeut
758 3591 870 3641 tenuem
888 3591 1019 3642 claudere
1038 3592 1067 3639 et
1087 3589 1195 3641 tonnus

166 3657 339 3718 senescau]
363 3655 512 3706 Genltivus
533 3661 633 3710 estex
675 3661 851 3723 pessulisque
871 3659 990 3714 deteudl.
1030 3658 1195 3722 Plerumque

115 3721 288 3790 swuttuteea
307 3724 356 3782 (td
377 3725 449 3776 eutru
465 3725 633 3788 cogitatione
675 3731 759 3780 tenue
773 3727 912 3795 signifieat
931 3739 1020 3795 sopor
1037 3727 1097 3785 our
1122 3741 1194 3780 uon-

114 3792 315 3853 repeteudum]
328 3795 427 3857 eptue3
444 3796 546 3858 plurali
559 3797 632 3850 enlm
675 3811 814 3862 nunquam
826 3811 885 3852 our
898 3799 955 3865 tte,
972 3800 1003 3848 ut
1016 3799 1041 3848 tr.
1051 3799 1071 3848 1.
1088 3799 1117 3847 et
1128 3799 1194 3850 hir.

113 3871 170 3912 uon
184 3859 301 3913 tdoueue
315 3862 359 3912 ute
372 3863 450 3914 tuone
464 3865 557 3916 tuerit„
674 3866 830 3935 mistio.
846 3869 905 3921 Per
917 3881 1022 3934 equom
1051 3879 1129 3920 erma
1142 3880 1194 3936 pe-

165 3927 197 3980 c.
210 3931 254 3980 ³³.
288 3930 458 3996 Capitoliumn
468 3935 570 3994 Meet]
588 3935 631 3989 Ile
673 3951 714 3990 eu
727 3939 811 3990 tenue
823 3940 931 3997 uttam
944 3939 974 3988 et
985 3937 1015 3988 iu
1095 3949 1176 3989 enus.

112 4009 207 4065 ruore,
225 4001 257 4051 ut
273 4001 468 4065 auspicaturus
487 4005 645 4066 imperium.
727 4009 777 4057 Vel
790 4007 830 4069 et]
854 4006 982 4059 Etiamsi.
1021 4005 1058 4057 lit
1078 4010 1193 4070 empla-

112 4070 142 4119 et
160 4070 257 4134 uetes
275 4069 331 4122 dlte
343 4073 458 4124 aeturue
477 4073 629 4128 eacrlttoet.
672 4073 718 4126 eiu
738 4078 821 4134 lauet
841 4089 973 4139 eeoeeee,
998 4087 1054 4127 uon
1075 4078 1192 4130 emere.

111 4137 187 4190 turn.
672 4145 777 4198 seusus
795 4147 855 4200 este
890 4145 1030 4198 lnoerturn
1053 4157 1124 4199 eane
1148 4145 1194 4198 est
