2846 4794
235 211 301 279 232
562 211 966 284 maronianum

189 382 377 452 sunamitin
404 389 521 472 parete
550 389 706 473 nneuperi
737 384 929 454 musaeum
958 381 1143 450 Turranius
1166 377 1313 448 Lua'um

238 485 416 554 Vitellium
436 507 510 552 eum
529 489 721 556 cohortibus
742 489 973 574 exstinguique
994 485 1124 572 reliqna
1145 484 1222 550 bell
1243 503 1315 569 pn-

240 587 404 658 stulebat.
450 591 627 679 praemissi
647 591 796 657 Arieiam
825 592 973 676 aquitane
1002 608 1119 673 agmen
1140 589 1312 671 lupianum

241 691 330 756 intre
360 688 511 758 Bovillas
538 695 647 760 stetit.
700 715 759 764 nee
788 699 964 760 eunetetue
989 701 1043 756 est
1063 689 1221 758 Vitellius
1249 707 1314 752 se-

242 813 307 879 que
336 801 372 858 et
395 795 550 862 cohortes
577 794 717 862 arbitrie
747 797 884 862 virturis
913 794 1124 882 permittere,
1149 809 1179 859 er
1206 789 1313 854 miles

242 895 387 962 infelicia
421 917 512 964 erma
549 895 637 964 haud
670 897 779 964 minus
819 897 869 962 ira
909 918 1006 982 quam
1052 903 1145 962 metu
1172 891 1314 959 abierit.

242 997 378 1084 Longus
398 996 585 1066 deditarum
608 997 710 1080 orde,
731 1007 847 1085 septen
868 999 1025 1080 ermetis,
1044 1019 1105 1086 per
1123 995 1232 1064 urbem
1254 995 1314 1060 in-

244 1102 366 1181 eessit,
394 1121 489 1168 nemu
518 1102 664 1188 supplici
692 1103 805 1180 veltn,
833 1101 894 1168 sed
921 1103 1041 1168 tristes
1073 1110 1109 1166 et
1131 1106 1244 1164 truees
1272 1103 1315 1161 et

245 1201 419 1270 adversum
440 1207 581 1293 plausus
602 1225 641 1272 ee
662 1203 832 1270 laseiviem
861 1203 1055 1274 insultantis
1078 1202 1162 1287 vulgi
1191 1201 1315 1266 immu-

244 1306 342 1373 bilee.
407 1327 532 1394 peneus
567 1327 741 1394 erumpere
772 1328 872 1374 eneas
900 1305 1102 1372 eireumieeti
1135 1321 1313 1390 pressere3

245 1410 348 1474 reteri
375 1409 409 1474 in
437 1408 623 1476 eustadium
655 1408 792 1478 eruditi.
847 1407 944 1478 Nihil
973 1409 1146 1495 quiequam
1175 1407 1315 1470 lnnutus

245 1510 435 1596 indignum,
464 1517 499 1576 et
526 1531 715 1598 quenquam
743 1513 832 1578 inter
858 1509 1018 1591 adverse,
1050 1511 1141 1576 salva
1173 1506 1315 1574 virtutis

246 1615 345 1683 ieme.
401 1614 492 1680 Dein
517 1613 643 1680 Lurius
672 1613 835 1680 Vitellius
870 1615 1086 1695 interlinitur,
1121 1633 1184 1700 per
1217 1609 1316 1678 vitiis

248 1717 381 1795 lustris,
403 1717 438 1781 in
458 1717 648 1806 principatu
668 1717 741 1782 eius
763 1718 971 1803 vigilantior,
992 1738 1053 1782 nee
1074 1712 1212 1803 perinde
1233 1735 1316 1800 prn-

215 1898 219 1910 .
248 1817 357 1906 speris
379 1817 490 1884 secius
510 1840 609 1906 quem
630 1811 781 1888 adversis
803 1819 1003 1887 abstraetue.
1054 1821 1088 1886 3.
1108 1817 1218 1884 lsrlem
1241 1816 1315 1882 elie-

199 1963 201 1966 -
248 1921 311 2000 laus
343 1917 495 1988 Lucilius
525 1921 655 1988 Bassus
683 1945 758 1988 eum
784 1921 939 2012 expeditu
966 1921 1091 2008 equite·
1108 1919 1151 1985 ed
1179 1942 1317 2007 eompu-

248 2017 385 2094 nendam
413 2019 626 2110 Campaniam
664 2026 831 2102 mittitur,
872 2023 1083 2092 disuerrlilnns
1119 2013 1317 2110 municipiu-

249 2145 322 2188 rum
344 2123 462 2190 animis
485 2127 590 2212 magis
611 2130 700 2194 inter
720 2135 827 2194 semet
847 2149 945 2215 quem
967 2125 1316 2207 euntnmeeiaadver-

249 2247 308 2292 sus
329 2225 521 2314 prinoipem.
562 2227 648 2294 Visa
670 2228 775 2294 milite
796 2231 904 2316 quies·
947 2237 983 2294 et
1010 2228 1195 2294 mineribus
1217 2228 1315 2294 eele-

250 2329 315 2394 niis
339 2329 536 2416 impunitam
563 2329 698 2419 Gapuee
720 2333 809 2419 legin
831 2332 932 2398 tertia
952 2329 1119 2396 hiemandi
1140 2351 1239 2396 eausa
1263 2331 1318 2397 ln-

250 2437 365 2512 eatur‚
392 2420 427 2498 et
448 2431 566 2498 domus
589 2435 741 2500 illustres
762 2435 924 2515 elllietee,
954 2455 1027 2500 enm
1050 2441 1166 2498 eontra
1188 2431 1319 2500 Terre·

251 2535 400 2600 cinenses
422 2535 514 2602 nulle
536 2557 598 2624 epe
617 2537 822 2605 iuvarentur.
863 2544 957 2604 tanta
977 2535 1158 2624 proclivius
1178 2543 1234 2600 est
1262 2535 1317 2600 in-

251 2637 357 2704 iuriae
375 2659 472 2725 quam
494 2639 651 2706 lrenelieie
673 2640 777 2706 vinem
799 2641 987 2717 exsolvere,
1009 2637 1087 2724 quia
1108 2637 1217 2723 gratie
1237 2659 1317 2703 ene-

251 2737 299 2819 ri,
327 2739 412 2806 ultie
435 2739 470 2806 in
491 2751 631 2828 quaestu
660 2742 811 2812 hahetur.
854 2741 975 2810 eulatie
998 2741 1066 2806 luit
1091 2761 1208 2806 servus
1229 2738 1319 2804 Ver-

252 2842 335 2927 ginii
357 2840 552 2930 Capitonis,
573 2862 670 2929 quem
692 2844 894 2934 proditorem
917 2841 1209 2909 Terreeinensium
1230 2839 1320 2908 dixi·

253 2965 345 3025 mus,
366 2946 515 3030 patibulo
537 2943 655 3010 allisus
677 2945 710 3010 in
731 2945 837 3011 isdem
861 2947 987 3026 anulis,
1015 2966 1099 3031 quus
1121 2953 1275 3031 aeeeptns
1300 2967 1320 3009 a

253 3045 396 3112 Vitellia
417 3047 583 3132 gestabat.
637 3047 691 3114 At
710 3047 835 3117 liemae
857 3056 994 3114 senatus
1016 3051 1135 3114 cuneta
1160 3045 1321 3133 principi·

253 3150 316 3215 bus
345 3151 445 3216 sulita
470 3147 680 3240 Vespasiano
708 3147 874 3232 desernit,
901 3151 1012 3216 laetus
1034 3157 1069 3215 et
1093 3149 1167 3238 spei
1187 3155 1321 3216 uentus:

304 3341 441 3404 exspers
460 3343 647 3401 renuerem]
676 3344 763 3395 oeen-
808 3345 839 3393 ut
851 3344 922 3392 sun.
936 3344 987 3405 lv,
1004 3345 1046 3395 ta.
1074 3342 1117 3392 Nt
1136 3373 1165 3388 ..
1189 3341 1323 3404 pulania

257 3411 318 3470 psrl
338 3412 371 3460 L.
387 3411 496 3527 pitellil
514 3412 647 3474 reditum,
671 3413 764 3462 invadi
808 3411 941 3464 adversis
965 3413 1045 3477 furat
1064 3412 1235 3462 abstractus.

256 3479 286 3528 ΙΙΙ
311 3479 373 3540 11180
408 3481 514 3542 ΗΜ,
545 3483 689 3542 wlssquffl
709 3483 768 3531 Μ·
859 3495 932 3547 (1.3.
966 3495 1207 3553 Tarracinenses]
1225 3495 1321 3554 ouen·
1394 3459 1395 3464 ἵ

256 3559 327 3598 Μ
340 3548 470 3599 “diluti
482 3551 510 3598 el
520 3550 642 3610 Pullum
654 3563 767 3602 mmm
810 3576 891 3625 qnam
904 3565 1054 3616 Flavianas
1073 3568 1168 3628 partes
1182 3564 1321 3614 iuverant.

257 3617 383 3680 reliquus
396 3629 459 3668 sese
472 3617 616 3668 iunxisset.
810 3635 875 3683 νιι,
891 3633 942 3696 ιιι,
954 3633 997 3684 76.

307 3721 455 3782 pressere]
472 3719 493 3769 l.
509 3733 533 3770 e.
549 3731 724 3788 oppressere,
739 3718 769 3767 ut
861 3705 979 3784 pratia]
1007 3715 1073 3766 Sall.
1101 3715 1246 3767 referente
1275 3717 1323 3767 vel

257 3787 329 3842 Anu.
344 3787 423 3852 xlv,
438 3787 464 3838 5.
528 3814 531 3823 ·
811 3787 911 3838 debita.

308 3871 496 3938 eiptlurrta'ur]
520 3872 586 3922 Suil-
609 3873 669 3935 ipse
690 3871 768 3934 prin·
861 3869 1003 3930 diminues]
1017 3869 1081 3919 vid.
1094 3869 1144 3932 111,
1157 3867 1201 3919 77.

255 3939 328 4004 clli·
861 3955 1034 4020 principibus
1055 3955 1161 4014 setun]
1187 3951 1252 4002 scil.
1273 3952 1323 4002 da-

304 4023 597 4084 alstrmthSenun
610 4023 768 4088 perniciem,
812 4026 897 4080 nemi.
926 4025 1011 4076 Extat
1031 4036 1097 4086 pers
1120 4023 1198 4075 nnius
1212 4020 1262 4072 sc.
1276 4035 1326 4072 se-
