2854 4798
215 241 262 309 ⁷2
552 241 968 316 fllsuonlnuun

169 405 303 481 outoni
328 419 400 482 tem
422 414 552 484 nescire
573 417 736 506 quaedem
761 419 886 487 milites
910 439 1011 506 quem
1041 417 1131 486 scire
1153 423 1301 510 oportet.

218 515 270 583 ite
290 537 329 583 ee
344 515 468 584 ducum
491 521 694 603 unctor-itm,
715 522 765 588 sic
787 523 881 610 rigor
901 521 1101 611 disciplinae
1123 523 1235 602 hebet,
1257 528 1302 586 ut

219 619 326 686 redte
346 619 449 688 etium
470 626 683 692 centuriones
706 624 927 714 tribunusque
949 633 1080 692 tentum
1103 625 1215 691 iuberi
1241 644 1301 690 ex-

218 722 347 814 pediet.
376 727 426 807 ei,
447 728 506 794 ubi
527 727 718 808 iubeantur,
738 749 902 815 quaerere
925 728 1070 813 singulis
1090 729 1204 810 lineet,
1222 747 1300 816 per·

219 833 320 894 mute
341 827 502 916 obsequio
518 833 626 933 ⁸etiem
650 832 827 918 imperium
850 830 1037 898 intercidit.
1088 831 1148 899 An
1169 840 1202 897 et
1224 831 1300 896 illic

219 940 318 1000 nocte
336 934 536 1021 intempeste
556 934 736 1022 rapiuntur
753 928 871 1001 erenei
892 955 978 1001 unus
998 935 1126 1000 elteree
1144 933 1301 1022 perditus

218 1055 259 1101 ec
280 1037 483 1104 temulentus
504 1037 736 1124 (nequeenim
757 1039 873 1124 plures
894 1038 1163 1105 consternatione
1184 1039 1302 1125 prexi-

219 1159 274 1204 mu
295 1139 462 1208 ineruisse
483 1139 703 1226 crediderim)
726 1142 932 1208 centurionis
953 1161 993 1206 ec
1013 1139 1141 1208 tribuni
1159 1141 1302 1225 sungui-

218 1263 261 1308 ne
283 1242 570 1324 meminisse,
592 1244 807 1332 imperatorie
830 1245 884 1312 eui
906 1243 1087 1310 tentorium
1109 1237 1303 1332 irrumpet?

218 1348 276 1417 84.
297 1345 377 1416 Ves
392 1346 530 1438 quidem
552 1345 647 1414 istud
676 1367 740 1435 pro
762 1367 832 1415 me:
863 1345 924 1413 sed
952 1347 988 1412 iu
1010 1345 1166 1412 discursu
1186 1367 1225 1412 eu
1248 1355 1303 1414 te·

218 1449 332 1518 nebris
367 1459 403 1518 st
434 1471 547 1518 nerum
576 1447 721 1516 omnium
757 1451 950 1516 contusione
985 1449 1138 1539 peteticri
1165 1451 1302 1516 occasio

218 1551 319 1618 etiem
347 1551 512 1620 edvereee
542 1573 594 1618 rue
615 1559 739 1642 potest.
794 1550 833 1620 Si
854 1550 999 1620 Vitellio
1025 1560 1060 1619 et
1087 1553 1301 1619 satellitibus

218 1655 292 1721 eius
313 1653 460 1742 eligendi
479 1655 625 1722 facultas
647 1653 765 1734 detur,
787 1677 885 1741 quem
908 1656 1005 1722 uobis
1028 1653 1190 1735 enimum,
1211 1677 1299 1742 ques

218 1762 347 1824 mentes
366 1757 602 1848 imprecemur,
623 1755 705 1845 quid
729 1756 822 1822 eliud
845 1779 943 1844 quem
967 1757 1165 1824 seditionem
1179 1757 1300 1824 ctdie-

218 1859 367 1926 cordium
395 1854 585 1950 cumbunt?
629 1881 671 1926 ne
709 1859 806 1924 miice
836 1860 1041 1941 centurioni,
1080 1881 1122 1925 ne
1145 1863 1299 1928 centurio

217 1963 353 2032 tribune
376 1965 601 2054 obsequetur,
628 1963 704 2029 hinc
726 1963 856 2028 contusi
885 1961 1019 2052 pedites
1040 1964 1240 2052 equitesque
1260 1969 1299 2032 in

218 2065 355 2132 exitium
378 2089 526 2135 ruamus.
571 2065 725 2134 Percndo
747 2067 881 2152 potius,
907 2065 1170 2147 commilitones,
1196 2089 1298 2155 quem

216 2169 358 2256 imperio
375 2170 496 2238 ducum
519 2168 723 2238 sciscitando
743 2191 799 2234 res
822 2167 989 2234 militares
1011 2169 1242 2253 continentum
1263 2181 1301 2240 et

215 2273 424 2343 fortissimus
451 2276 487 2340 in
514 2274 590 2362 ipsu
613 2273 806 2342 discrimine
835 2273 1003 2340 exercitus
1032 2283 1103 2354 est,
1131 2275 1195 2360 qui
1221 2283 1299 2342 ente

217 2375 398 2446 discrimen
425 2377 670 2466 quietissimus.
727 2376 838 2445 Vobis
872 2397 965 2441 erma
1000 2384 1036 2443 et
1066 2378 1198 2444 enimus
1233 2379 1298 2445 eit:
1360 2417 1369 2436 ι

216 2481 297 2548 ιιιίΙιί
323 2482 500 2552 consilium
532 2489 568 2548 et
593 2481 731 2548 virtutis
760 2487 893 2548 vestroe
921 2477 1071 2564 regimen
1102 2481 1297 2567 relinquite.

215 2581 405 2654 Paucorum
423 2589 524 2676 culpe
546 2585 624 2664 iuit,
646 2581 788 2649 duorum
809 2601 916 2671 poene
937 2582 1015 2652 erit.
1058 2585 1163 2648 ceteri
1182 2583 1298 2650 ebole-

215 2695 251 2754 te
281 2689 474 2758 memoriam
502 2686 717 2754 foedissimae
746 2687 867 2753 noctis.
924 2683 997 2751 Nec
1026 2685 1104 2752 iiius
1134 2685 1298 2754 adversus

214 2800 367 2860 senetum
394 2813 492 2860 voces
520 2791 611 2857 ullus
641 2811 786 2878 uuquam
809 2788 979 2856 exercitus
1007 2789 1135 2858 audiet.
1186 2789 1300 2880 Caput

214 2895 349 2986 imperii
370 2904 406 2962 et
427 2893 549 2961 decore
574 2895 719 2960 omnium
743 2891 990 2980 provinciarum
1013 2891 1057 2958 ed
1079 2913 1216 2979 poenum
1239 2915 1297 2960 vu-

214 3021 293 3066 cere
322 3021 387 3066 uuu
414 2998 550 3065 hercule
580 2997 650 3078 illi,
683 3015 768 3082 quus
796 3015 871 3060 cum
901 2995 1043 3062 menime
1069 2995 1232 3064 Vitellius
1260 2999 1297 3064 in

214 3123 277 3167 nos
306 3101 391 3183 ciet,
419 3099 579 3168 Germani
608 3096 764 3167 audeant.
822 3097 929 3164 ulline
956 3096 1078 3166 ltaliae
1107 3101 1236 3167 eiumni
1262 3111 1299 3168 et

215 3203 366 3271 Romano
398 3223 477 3271 uere
504 3203 660 3270 iuventus
689 3199 733 3307 ad
754 3202 949 3287 sanguinem
979 3209 1015 3269 et
1037 3201 1172 3270 caedem
1195 3201 1297 3294 depo-

282 3377 314 3430 c.
332 3375 378 3430 84.
414 3389 497 3445 quem
513 3377 591 3429 nodis
608 3377 669 3431 edd.
703 3378 742 3427 At
758 3377 814 3428 Me.
833 3388 906 3442 quoe
922 3375 1011 3429 ectu.

265 3516 381 3567 tontum
405 3514 517 3574 iuberi]
549 3515 587 3564 vi
614 3512 732 3580 irnperii,
828 3509 916 3564 OM.
955 3513 1150 3574 satsuutous]
1174 3516 1296 3568 iusidia-

215 3597 271 3636 non
292 3583 374 3634 simul
397 3585 571 3648 persuadere·
596 3585 734 3634 rsticnum
776 3583 900 3649 turibus,
918 3583 1063 3646 dequibus
1079 3584 1161 3638 c.75.

215 3665 418 3718 censorumque
432 3654 615 3716 expositione.
826 3651 960 3704 raresco
971 3655 1090 3717 ponem}
1108 3655 1160 3704 Ilio
1181 3657 1210 3704 et
1230 3655 1297 3706 eliis

778 3720 859 3772 nnius
878 3723 1015 3772 cretionis
1036 3723 1109 3773 lucis
1128 3725 1241 3774 recitus
1261 3729 1298 3776 uo

265 3791 334 3858 suu,
355 3791 385 3842 iu
397 3791 481 3856 bello,
501 3791 536 3842 ud
551 3789 623 3853 quod
637 3788 716 3838 imus.
777 3791 873 3841 ocules
888 3791 982 3842 necuit
996 3793 1152 3844 cretionem
1166 3795 1246 3843 Pauli
1261 3796 1297 3844 ed

777 3859 880 3910 milites
892 3859 964 3921 epod
976 3861 1038 3910 [siv.
1046 3861 1152 3927 XMV,
1167 3859 1211 3912 34.
1225 3865 1297 3914 Eue.

265 3929 349 3980 noete
361 3929 548 3992 intempesto]
563 3923 735 3992 Mediqierc
828 3940 886 3977 seon
905 3927 1002 3981 tercie
1029 3930 1100 3981 miro
1125 3943 1223 3982 errore
1241 3933 1297 3982 Be-

215 3997 246 4042 ut
259 3993 338 4060 virg.
354 3998 389 4048 G.
404 3999 428 4062 1,
442 3993 504 4050 247.
521 3998 592 4050 neu.
607 3995 659 4060 lli,
672 3993 734 4046 587.
778 3995 857 4045 onius
869 4009 919 4058 pro
931 4011 967 4049 ne
979 3999 1100 4060 positum
1111 4001 1226 4054 monuit.
1245 4003 1298 4053 net

214 4059 274 4116 Ciu.
287 4065 356 4119 Pul.
372 4065 396 4134 1,
409 4071 435 4119 d.
450 4067 507 4118 Pie.
521 4063 564 4117 38.
780 4058 830 4116 orie
842 4057 879 4116 de
892 4061 1022 4133 τολμᾷιν.
