2854 4798
211 243 277 312 llll
558 239 968 319 HISTORIARUM

162 413 335 498 aelnotum
359 420 423 485 est.
476 413 546 484 Sed
568 437 620 484 me
644 423 795 486 vetemm
824 435 1049 505 novorumque
1071 435 1201 486 morum
1229 421 1285 486 r'e-

212 517 343 608 putatio
364 517 497 606 longius
520 521 618 588 tulit:
641 542 728 588 nuno
749 519 792 586 ed
814 541 926 588 rerum
950 520 1100 588 ordinem
1122 520 1230 590 uenio.

314 657 369 723 39.
410 651 566 722 Profecto
589 653 773 722 Brixellum
790 655 923 722 Othona
945 653 1050 720 bonor
1069 654 1203 743 imperii
1225 677 1285 746 pe·

213 777 273 824 nes
294 757 466 824 Titianum
489 759 645 840 fratrem,
670 761 720 826 vie
743 781 782 826 ee
804 765 955 848 potestas
980 780 1080 845 peaes
1103 755 1284 826 Prooulum
1420 833 1424 856 1

213 861 428 951 praelautum.
460 848 593 931 ‘canus
614 872 654 930 et·
669 861 850 947 Paulinus,
872 883 945 928 oum
969 861 1146 950 prudentie
1167 882 1284 928 eorum

212 985 309 1032 nemo
344 973 515 1047 uteretur,
554 967 645 1033 inani
681 967 812 1032 nomine
842 965 963 1030 dueum
1001 967 1131 1032 alienae
1163 967 1284 1054 eulpae

213 1065 527 1158 praetendebantur.
565 1070 690 1137 tribuni
713 1069 989 1158 centurionesque
1011 1069 1173 1154 ambigui,
1194 1067 1283 1156 qnod

159 1223 168 1246 ,
213 1172 339 1260 spretis
376 1171 570 1240 melioribus
600 1172 772 1240 deterrimi
798 1171 967 1241 valebant.
1023 1173 1130 1238 miles
1155 1175 1285 1254 elucere

214 1277 273 1364 qui
294 1285 405 1342 tamen
424 1275 517 1342 iussa
537 1275 657 1344 dueum
679 1276 897 1363 interpretari
919 1295 1017 1362 qnam
1041 1277 1180 1363 exsequi
1201 1277 1286 1342 mel-

212 1381 274 1446 lat.
317 1373 512 1446 Promoveri
534 1379 577 1446 ed
599 1387 753 1468 quartum
779 1377 984 1446 eBedrieoo
1006 1387 1119 1445 oestro
1141 1379 1284 1468 pleeuit‚

215 1481 298 1549 adeo
320 1481 492 1570 imperite,
513 1493 552 1550 ut
566 1505 759 1572 quenquam
782 1503 883 1550 verno
905 1489 1055 1570 tempore
1076 1483 1152 1550 anni
1175 1490 1210 1548 at
1231 1489 1286 1549 ιιι

213 1587 336 1652 oiroum
367 1585 518 1654 omuibus
549 1588 688 1674 penurie
724 1609 829 1676 aquae
864 1585 1100 1670 fatigarentur.
1155 1583 1209 1651 lbi
1241 1584 1284 1651 de

214 1689 343 1776 praelio
357 1687 557 1770 dubitatum,
579 1691 711 1757 Otbona
728 1711 789 1780 por
807 1691 942 1758 litterae
963 1689 1134 1774 flagitante
1155 1697 1194 1755 ut
1214 1711 1286 1756 me·

213 1799 385 1875 turarent,
421 1791 586 1858 militibus
621 1801 660 1860 ut
688 1793 871 1882 imperator
904 1813 1035 1880 pugnae
1063 1791 1197 1858 adesset
1224 1813 1285 1880 po·
1300 1815 1318 1843 r

214 1893 398 1964 boantibus.
440 1897 591 1984 plerique
613 1897 728 1986 eopias
754 1905 849 1964 treas
872 1893 1001 1962 Padurn
1024 1903 1161 1982 agentes
1183 1895 1285 1961 aoeiri

213 1998 441 2087 postulabant.
484 1997 557 2068 Neo
580 1999 718 2090 perinde
740 1997 918 2066 diiudioeri
939 2006 1070 2088 potest,
1091 1995 1172 2084 quid
1195 1993 1285 2084 opti-

214 2107 303 2170 murb
326 2102 418 2168 iaetu
437 2101 560 2181 luerit,
580 2125 679 2192 quem
700 2104 882 2192 pessimum
913 2105 1021 2170 fuisse
1042 2098 1131 2190 quod
1157 2101 1284 2167 leolum

207 2213 278 2277 'est-
321 2209 377 2276 ro.
397 2201 476 2274 Non
497 2214 537 2274 ut
559 2207 600 2272 ad
622 2227 764 2294 pugnam
787 2203 846 2271 aad
866 2204 909 2272 ad
930 2204 1120 2274 bellandum
1143 2205 1285 2292 proieotl
1421 2277 1425 2300 ⁴

214 2311 415 2379 oonlluentes
443 2303 530 2374 Pedi
558 2316 593 2374 et
619 2309 765 2377 Adduee
793 2309 982 2390 fluminum,
1029 2307 1174 2376 sedenim
1206 2307 1285 2374 inde

160 2445 162 2450 ·
214 2415 342 2481 milium
372 2411 483 2500 spetio
513 2409 695 2495 distentae,
724 2413 894 2502 petebant.
951 2411 1051 2482 Celso
1080 2419 1115 2478 et
1142 2409 1285 2479 Paulino

214 2517 434 2584 abnuentibus
465 2515 603 2582 militem
635 2517 755 2584 itinere
784 2516 932 2593 fessum,
971 2515 1113 2582 eareinis
1151 2535 1284 2600 gravem

213 2621 357 2702 obiicere
381 2619 488 2704 boeti,
518 2641 583 2686 nou
612 2621 795 2701 omissuro,
824 2641 890 2709 quo
919 2619 1027 2686 minus
1047 2617 1223 2706 expeditus
1249 2624 1286 2685 ιι

212 2725 271 2794 vix
288 2733 449 2811 quattuor
471 2724 562 2792 milia
584 2745 742 2813 passuum
767 2743 967 2814 progressus
997 2727 1056 2787 eut
1081 2721 1286 2810 incomposi-

213 2835 268 2895 tos
290 2829 325 2894 in
349 2829 480 2916 agmine
503 2837 562 2894 eut
576 2825 749 2916 dispersor
770 2835 805 2894 at
823 2828 949 2896 vallum
973 2824 1147 2891 molientes
1168 2843 1286 2908 eggre-

213 2930 369 3012 deretur,
399 2929 557 2999 Titienus
588 2940 624 2998 et
647 2930 831 3014 Prooulus,
864 2930 924 2996 ubi
945 2929 1094 2995 consiliis
1116 2925 1286 2992 vinearen·

213 3043 288 3115 tur,
309 3033 352 3100 od
375 3035 428 3102 ius
448 3034 581 3124 imperii
602 3037 802 3104 transibant.
832 3033 968 3102 Aderat
990 3051 1069 3098 sane
1090 3029 1179 3095 eitua
1199 3049 1285 3115 aquo

213 3137 363 3208 Numida
392 3159 466 3204 oum
495 3137 667 3205 etrooibus
699 3137 883 3218 mandatis,
916 3135 1038 3226 quibus
1060 3131 1151 3200 Otho
1179 3133 1286 3198 inore-

281 3357 313 3416 0.
330 3357 375 3412 40.
408 3358 551 3412 mabsara
568 3361 734 3413 waltherus
751 3375 786 3413 ex
802 3370 890 3426 marg.
909 3353 1286 3424 comminuebantur,

248 3432 293 3484 2⁷.
333 3429 402 3484 Nora
424 3429 559 3482 ambrum
580 3431 651 3494 qula
673 3431 870 3484 roboraretur·
892 3429 991 3481 multa.
1038 3430 1077 3480 st
1099 3428 1181 3480 Mati.
1199 3425 1288 3480 amie-

247 3513 328 3553 euro.
361 3497 429 3550 Edd.
447 3497 619 3553 admissuro.
648 3549 654 3560 ,

264 3664 347 3721 ιλιι).
367 3665 642 3726 ιιιιιιιιιιιιιιιιιιι]
655 3665 731 3726 Quo·
774 3663 874 3716 mentis
889 3674 995 3728 qnoque
1015 3663 1045 3714 et
1062 3661 1152 3726 ooplie
1166 3669 1289 3713 orann-
1419 3643 1426 3665 ⁴

214 3737 289 3790 ulam
308 3739 464 3801 plorantes
477 3747 570 3786 secun
585 3736 732 3796 portabant
773 3735 828 3784 tur.
1168 3747 1174 3760 ·

215 3821 296 3870 quarn
321 3807 419 3870 quibas
447 3805 483 3855 ad
502 3805 637 3866 proellum
661 3815 731 3866 opus
823 3801 957 3860 Addere]
974 3798 1063 3851 llodle
1077 3797 1167 3852 rada

215 3881 294 3942 erat,
320 3873 445 3928 aaronis
466 3885 587 3940 praees,
610 3876 642 3923 ιιι
660 3875 685 3922 ln.
696 3869 752 3928 .o.¹
823 3870 1018 3927 Numidolllx
1030 3867 1144 3932 antiquo
1155 3877 1288 3935 noeque

216 3947 354 4000 dicuutur.
389 3945 484 3996 Germ.
503 3943 548 3994 30.
589 3943 667 3994 Attae
692 3941 731 3993 od
773 3943 913 4004 receptum
932 3941 963 3988 ut
977 3939 1049 4008 vlrla
1066 3937 1231 3988 lautioribus
1244 3935 1289 3986 dl-

214 4014 359 4082 praelium
370 4014 417 4066 ire
429 4013 538 4080 otdsos,
556 4009 675 4064 ιἰιιιιι
692 4011 732 4063 ad
773 4009 943 4071 tiortbusque
958 4008 1022 4059 Arri
1042 4007 1091 4058 eut
1105 4006 1237 4056 Numidae
1258 4017 1289 4054 e-

215 4085 335 4145 braumr
352 4083 417 4150 qula
434 4095 519 4148 snper
537 4093 617 4135 arne
635 4082 730 4134 ιιιτι-
773 4081 864 4144 quites
886 4080 982 4130 essent
1003 4076 1040 4128 ad
1058 4075 1123 4127 lter.
1152 4075 1216 4127 Seu.
1237 4073 1289 4138 up.
