2786 4798
323 692 363 765 c.
393 641 668 761 coruum
695 677 896 750 'recrur

176 849 1047 1004 ouoasuouruus

536 1261 705 1270 ⁴---·-—----—

82 1503 117 1568 1.
151 1445 283 1582 Saepe
305 1509 345 1555 er
367 1506 419 1554 rue
440 1479 603 1572 requiris,
623 1476 717 1546 luste
737 1473 841 1556 Fabi,
861 1495 938 1555 eur,
968 1493 1040 1540 eum
1062 1471 1151 1562 prio-

89 1623 129 1668 ra
155 1597 289 1666 saecula
314 1599 368 1658 tot
391 1587 604 1656 eminentium
630 1591 798 1674 oratorum
822 1578 961 1664 ingeniis
982 1577 1154 1664 gloriaque

86 1699 282 1778 floruerint,
304 1701 420 1760 uostra
438 1689 648 1786 potissimum
669 1693 761 1750 aetas
779 1681 911 1748 deserte
926 1691 960 1748 et
973 1679 1072 1746 lauda
1086 1682 1155 1746 elo-

88 1803 245 1894 quentiae
267 1799 384 1866 orbata
405 1796 458 1862 vir
481 1813 598 1860 nomeu
619 1790 727 1878 ipsum
750 1784 894 1851 oratoris
914 1784 1068 1852 retineat.
1098 1804 1157 1850 ue-

90 1930 157 1998 quo
186 1907 273 1972 euim
298 1902 347 1970 ita
371 1899 578 1989 appellamus
606 1893 672 1960 uisi
695 1889 871 1976 antiquos:
902 1889 1018 1955 horum
1045 1897 1156 1956 eutem

91 2023 279 2099 temporum
312 2003 432 2070 diserti
462 1999 624 2068 eausidioi
653 2004 691 2062 et
723 1991 874 2059 euroeam
899 2001 936 2057 et
963 1994 1096 2080 patroni
1122 2002 1159 2060 et

95 2111 229 2202 quidvis
253 2109 488 2199 potiusquam
512 2109 663 2171 oratores
684 2101 856 2164 vorantur.
899 2093 964 2162 cm
986 2103 1161 2185 pereunte-

96 2216 181 2284 tioui
210 2221 289 2280 tuae
312 2209 515 2299 respondere
539 2215 575 2272 et
603 2211 671 2270 tarr
695 2220 831 2285 maguae
852 2198 1059 2284 quaestionis
1080 2221 1162 2287 pou·

95 2319 158 2385 elus
190 2316 359 2404 eroipera,
387 2319 426 2378 ut
454 2317 513 2378 aut
542 2306 583 2374 de
611 2303 753 2392 ingeniis
782 2301 907 2368 uostris
933 2301 1020 2368 mola
1047 2301 1162 2370 existi-

96 2417 272 2498 mantum,
303 2417 334 2482 si
357 2414 445 2482 idem
469 2409 605 2498 assequi
623 2429 687 2474 rou
708 2425 903 2492 possumus,
930 2413 989 2470 aut
1011 2405 1054 2472 da
1075 2405 1164 2474 iudi·

98 2525 178 2602 oiis,
199 2521 232 2588 si
251 2521 423 2598 uolumus,
444 2517 498 2584 rix
515 2515 648 2582 hercula
669 2509 844 2590 auderem,
865 2507 896 2574 si
910 2506 988 2574 milri
1002 2529 1074 2575 msa
1089 2529 1166 2576 seu-

99 2625 205 2693 tentia
233 2619 432 2712 proferenda
458 2641 497 2685 ao
525 2639 589 2685 nou
617 2611 935 2693 disertissimorum,
972 2621 1012 2676 ut
1038 2611 1166 2678 rostris

99 2727 326 2818 temporibus,
362 2724 528 2791 homiuum
565 2739 674 2786 sermo
708 2709 908 2802 repetendus
940 2721 1047 2795 esset,
1080 2735 1166 2801 quos

102 2823 236 2899 eaodem
265 2829 349 2895 lraue
378 2825 604 2915 quaestionem
632 2823 875 2908 pertraetautes
905 2815 1032 2883 iuvenis
1054 2813 1168 2883 odoro-

103 2935 179 3002 rlum
200 2930 325 3000 audiri.
374 2929 430 2998 Ita
450 2949 516 2994 nou
536 2925 666 3014 iugario
689 2919 749 2988 sed
770 2919 928 2986 memoria
955 2926 991 2986 at
1013 2919 1169 2988 reeorda-

106 3041 196 3106 tioue
218 3058 304 3126 opus
326 3043 399 3115 eat,
426 3041 466 3099 ut
489 3052 574 3118 quae
594 3051 613 3094 a
634 3023 935 3116 praestantissimis
959 3022 1041 3090 viris
1061 3031 1098 3089 et
1114 3006 1186 3089 ex·x

107 3143 252 3232 cogitata
276 3137 448 3206 subtiliter
467 3145 502 3202 at
522 3132 613 3201 dieto
635 3127 781 3219 graviter
800 3127 931 3216 aesopi,
952 3147 1026 3194 eum
1047 3125 1172 3214 singuli

74 3366 80 3386 .
156 3323 621 3386 c.1.1orssuass]uauuumre
663 3317 1173 3382 retuumlooeermorsesoetrsrs·

110 3403 134 3453 is
148 3413 183 3450 ex
200 3397 282 3450 l’llull
298 3395 413 3448 minoris
431 3393 622 3460 tamillarllous,
664 3390 811 3456 petrinam.

112 3471 145 3521 eu
163 3479 241 3532 quen
265 3479 326 3528 epo.
345 3465 376 3530 l,
395 3463 437 3515 11.
460 3467 494 3512 et
506 3463 577 3530 vll,
595 3465 621 3512 2.
714 3456 827 3509 iuveris
844 3453 1007 3515 admodum]
1040 3453 1070 3504 ΙΙ
1089 3451 1174 3504 surri-

113 3539 193 3589 detae
216 3539 296 3599 eunt,
326 3535 457 3595 cuiusque
475 3532 545 3584 luem
562 3543 622 3584 rue-
663 3539 724 3578 raus
745 3523 834 3576 uaeltl
857 3535 957 3574 naon
980 3525 1101 3574 rameru
1124 3533 1176 3572 ues

114 3607 190 3660 miolt
206 3601 272 3669 Vll,
288 3601 331 3651 20.
357 3599 415 3668 lx,
433 3601 476 3649 2³.
664 3597 740 3646 ultro
755 3607 855 3646 aarum
872 3595 908 3643 ab
924 3605 951 3645 u.
970 3605 994 3643 a.
1011 3591 1071 3644 805.
1096 3591 1176 3642 rellol

162 3701 294 3762 santa]
317 3699 384 3752 serr.
409 3702 561 3752 oratorum
577 3699 624 3751 ι...
665 3677 717 3716 ¹¹⁶⁰
740 3665 815 3715 “lm
838 3674 939 3712 amun
964 3660 1027 3712 0⁰⁷·
1056 3661 1177 3724 rruterrt

116 3773 213 3842 pesile.
665 3747 764 3799 mm,
800 3731 858 3797 egit
885 3731 928 3795 le,
960 3743 1021 3781 oum
1050 3731 1177 3795 dialogus

667 3805 829 3865 haberetur,
853 3803 899 3851 vel
917 3801 1031 3862 primum
1054 3801 1083 3850 et
1100 3800 1178 3850 vlae-

164 3869 301 3926 eaosteltot
316 3883 376 3922 eum
390 3869 545 3930 eontemptu
557 3883 624 3932 pro·
667 3875 765 3926 starum
781 3871 826 3921 vel
839 3871 949 3920 tertium
966 3871 995 3920 et
1008 3868 1176 3920 messianus.

118 3944 175 4008 pris
202 3942 369 3992 uersentur.
410 3937 466 3989 Cio.
494 3937 572 3989 orat.
601 3942 624 4006 1,
669 3944 700 3994 ΙιΙ
717 3939 818 3993 estatis
835 3941 949 4004 agentes
965 3937 1117 3990 edendam
1132 3938 1179 3988 let·

118 4013 160 4064 to.
183 4005 627 4062 emmerammenses
666 4023 752 4064 verres
776 4011 889 4062 samios
913 4007 1001 4060 tuisse
1024 4007 1181 4070 nenuqrsn

120 4093 200 4148 euers
215 4091 306 4144 nesae
318 4078 559 4143 proclamarem
574 4083 627 4134 ast
669 4079 789 4131 dubitari
812 4079 912 4143 potest.
946 4077 981 4128 ll.
1006 4077 1050 4146 ll,
1066 4075 1110 4130 78.
1131 4077 1182 4130 las·
