2854 4798
239 283 285 355 68
575 281 988 356 ursronlalturt

194 457 300 524 celae
329 464 365 526 et
392 459 508 542 milae,
544 465 702 550 tanqnam
736 461 947 528 nobilitatem
983 480 1022 527 ac
1051 457 1154 528 decue
1189 465 1328 528 aetrue-

245 567 340 644 rent,
366 559 499 630 Neroni
518 563 647 632 Othoni
666 565 874 632 acclamavit.
924 566 997 654 ipee
1026 565 1060 631 in
1083 585 1248 655 euepenea
1271 574 1328 632 te-

246 666 338 749 nuit,
357 666 493 734 vetandi
516 676 605 734 metu
627 670 681 736 vel
702 667 903 756 agnoscendi
924 667 1065 758 pudore.

347 774 402 840 ⁷9.
446 769 627 842 Gonrereie
662 769 705 836 ad
741 771 840 837 civile
873 773 998 838 hellam
1034 769 1154 836 animia
1184 777 1323 836 externa

247 873 321 939 eine
346 883 428 939 cora
458 875 676 944 habebantur.
729 873 781 940 Eo
803 873 981 940 audentius
1002 873 1209 956 Rhoxolani,
1238 873 1322 941 Sar-

248 977 368 1042 matica
396 999 496 1064 gene,
538 981 652 1069 priore
686 977 792 1043 hieme
821 979 929 1044 caeeie
962 976 1092 1043 duahue
1124 977 1322 1043 cohortibus

247 1101 366 1167 magna
395 1104 456 1171 epe
478 1081 522 1148 ad
547 1082 708 1148 Maeciam
733 1080 943 1168 irruperant,
971 1101 1087 1146 novem
1111 1083 1202 1148 milia
1226 1084 1323 1170 equi·

247 1191 337 1270 tum,
364 1207 406 1252 ex
434 1183 557 1252 tenacia
581 1193 616 1251 et
644 1205 803 1252 eucceeeu
834 1182 978 1272 praedae
1004 1183 1111 1268 magle
1132 1207 1231 1272 quam
1258 1207 1323 1273 pn·

246 1309 331 1376 gnae
360 1287 501 1358 intenta.
554 1287 665 1375 igitur
687 1309 789 1374 vagae
819 1297 855 1354 et
884 1288 1070 1354 incuriosae
1099 1288 1200 1353 tortia
1230 1289 1322 1374 legia

247 1390 415 1458 adiunctis
453 1391 586 1458 auxiliis
627 1397 764 1478 repente
799 1391 934 1458 inraeit.
1006 1392 1111 1479 Apud
1148 1390 1321 1459 Romanae

247 1496 357 1562 omnia
387 1495 517 1584 praelio
548 1489 655 1582 aptat
685 1495 861 1565 Sarmatae
888 1494 1036 1581 dispersi
1066 1502 1127 1561 aut
1161 1497 1321 1586 cupidine

246 1598 392 1691 praedae
419 1619 539 1688 grance
563 1619 663 1664 onere
691 1603 915 1682 sarcinarum,
943 1606 978 1666 et
1007 1595 1137 1665 lubrico
1159 1599 1319 1667 itinerum

246 1703 403 1793 adempta
425 1723 585 1790 equorum
608 1703 816 1788 pernicitate,
841 1705 934 1769 velut
955 1700 1060 1768 vincti
1081 1699 1320 1772 caedebantur.

245 1829 388 1898 namque
409 1807 531 1873 mirum
555 1803 665 1886 dictu,
695 1813 735 1871 ut
755 1807 803 1874 eit
824 1807 931 1873 omnio
954 1803 1185 1874 Sarmatarum
1209 1808 1321 1875 virtue

245 1915 339 1982 velut
360 1919 457 1978 extra
471 1909 576 1996 ipeoe.
604 1907 688 1978 nihil
710 1907 753 1974 ad
774 1907 960 1998 pedeetram
982 1929 1124 1998 pugnam
1140 1915 1208 1974 tam
1225 1911 1321 1996 igna-

246 2036 341 2086 vom:
364 2014 422 2080 nbi
446 2034 509 2101 per
529 2021 657 2077 turmae
681 2011 862 2097 advenere,
890 2015 944 2080 vix
965 2013 1035 2078 nlla
1060 2013 1149 2078 aciee
1172 2015 1320 2082 obstite-

245 2123 305 2190 rit.
358 2116 427 2188 Sed
454 2125 526 2184 tum
551 2113 687 2182 humido
708 2113 763 2182 die
792 2129 827 2182 et
857 2118 969 2183 ealnto
990 2115 1067 2202 gelu
1097 2137 1205 2204 nequa
1226 2123 1321 2189 conti

245 2245 353 2312 neque
381 2219 504 2306 gladii,
540 2241 624 2306 quoe
654 2221 852 2306 praelongae
882 2227 1026 2306 utraque
1055 2239 1154 2284 manu
1186 2234 1320 2308 regunt,

245 2327 343 2408 ueni,
364 2321 576 2412 lepeantibne
598 2323 693 2410 equie
716 2329 751 2388 et
772 2323 1060 2412 cataphractorum
1080 2321 1237 2411 pondere.
1281 2325 1320 2393 id

243 2427 453 2518 principibue
475 2436 510 2494 et
530 2426 740 2492 nohiliceimo
757 2427 876 2514 cuique
896 2425 1058 2513 tegimen,
1079 2427 1200 2493 ierreie
1218 2431 1319 2496 lami·

243 2533 297 2599 nie
324 2537 383 2598 aut
409 2529 576 2618 praeduro
604 2529 695 2596 corio
724 2537 929 2609 caneertum,
968 2537 1007 2594 ut
1034 2527 1197 2596 adaerere
1229 2532 1320 2601 ictue

242 2633 515 2725 impenetrabile,
547 2633 594 2698 ita
623 2632 750 2719 impetn
780 2631 925 2698 huetium
953 2633 1141 2722 provolutie
1170 2633 1320 2703 inhabile

243 2739 287 2810 ad
302 2734 555 2824 resurgendum.
590 2734 692 2800 simul
713 2733 890 2802 altitudine
911 2743 946 2802 et
967 2735 1108 2802 mollitia
1132 2737 1219 2804 nivie
1234 2737 1319 2805 hau-

240 2845 427 2913 riebantur.
467 2836 639 2904 Romanae
665 2835 761 2902 milae
785 2838 894 2904 laoilie
916 2839 1021 2905 lorica
1044 2845 1079 2905 et
1101 2841 1222 2907 mieaili
1245 2843 1318 2930 pilo

242 2953 302 3016 aut
316 2945 444 3012 lanceie
459 2943 648 3019 aeeultane,
669 2939 727 3006 uhi
749 2962 804 3006 ree
827 2949 991 3030 posceret,
1011 2942 1078 3008 levi
1093 2943 1206 3028 gladio
1228 2947 1320 3014 iner-

241 3073 328 3119 mem
354 3048 543 3119 Sarmatam
578 3045 708 3131 (ncque
737 3047 823 3109 enim
853 3043 985 3111 delendi
1014 3053 1111 3112 ecuto
1137 3067 1210 3114 mae
1239 3053 1319 3136 eet)

242 3155 425 3225 comminue
447 3147 615 3228 fodiebat,
644 3145 747 3212 donec
769 3147 885 3236 pauci,
913 3147 972 3236 qui
992 3149 1121 3236 praelio
1141 3153 1319 3240 euperlue·

241 3265 337 3342 rant,
363 3253 540 3340 paludibus
563 3249 779 3320 abderentur.
829 3247 883 3317 lhi
912 3249 1051 3316 eaevitia
1072 3251 1192 3320 hiemie
1221 3265 1258 3322 et
1285 3260 1320 3325 vi

309 3413 340 3467 0.
359 3415 403 3466 79.
442 3413 495 3464 out
512 3410 656 3475 cupidine]
680 3409 812 3471 suspicor
831 3419 892 3458 cum
909 3409 1099 3474 Berncggero:
1123 3409 1249 3476 disparat
1265 3427 1320 3466 cu·

275 3483 371 3549 paoem
387 3483 514 3547 praedae
530 3483 583 3534 aut
602 3491 708 3546 praeca
725 3491 813 3529 ancre
828 3477 1022 3528 carrinarum.

311 3567 410 3619 btcmic
425 3566 722 3627 ctotJSlchturetne.
757 3559 940 3612 Amantia
952 3561 1018 3613 auia.
1053 3562 1160 3614 contra
1175 3565 1256 3616 ΕΗΒ.
1270 3569 1319 3619 hic

275 3637 485 3690 misericordae.
532 3636 680 3697 Surptcor:
709 3632 832 3683 corruta
857 3631 956 3682 uentu
979 3645 1015 3682 ao
1039 3633 1199 3684 volnerum.
1246 3637 1319 3690 Nam

275 3709 423 3759 octaorum
440 3705 565 3757 cacoitc'o
579 3717 635 3756 non
653 3701 786 3754 audacius
802 3701 904 3750 dictum
922 3713 1003 3764 quum
1020 3701 1093 3752 Anu.
1111 3701 1148 3768 ll,
1165 3703 1210 3755 87.
1245 3707 1319 3760 spe.

274 3776 380 3830 otttam
397 3787 527 3827 annonae
541 3775 692 3826 tacaaaatc
705 3771 793 3836 ptete.
827 3771 917 3820 Dona.

291 3911 322 3964 c.
335 3913 379 3963 79.
415 3911 496 3964 cetat
514 3909 623 3970 oinctt]
644 3905 708 3960 vid.
728 3906 757 3957 tn
851 3905 947 3973 radlia
959 3905 1067 3966 tortae]
1080 3909 1112 3958 ut
1125 3907 1158 3958 a.
1172 3908 1199 3957 6.
1213 3909 1318 3976 capuan

241 3981 312 4032 Ann.
330 3982 353 4048 l,
366 3978 410 4031 65.
798 3975 887 4028 taces.
920 3977 975 4029 All.
990 3975 1080 4044 faciti.

291 4053 321 4102 et
340 4045 598 4112 cataphractorum
615 4041 754 4110 pondere,

239 4121 352 4180 praeter
364 4117 498 4170 lubricum
513 4117 631 4168 viarum.
