2854 4798
211 255 276 326 ιιι
561 225 964 325 nisrooiannn

165 425 419 503 oulnntbsbstnr,
445 425 546 493 etiem
576 429 691 516 vigore
721 431 861 512 aetatis,
895 421 1102 519 proteritate
1123 426 1291 518 eorporis,

215 540 251 598 et
270 528 415 619 quodoim
437 531 528 599 inani
548 535 675 604 favore.
717 535 793 600 hino
815 534 997 600 aemulatio
1013 531 1182 606 donibus:
1198 529 1288 600 Gaa-

215 636 289 703 oina
310 641 351 701 ut
370 621 504 702 foedum
535 659 573 704 ao
595 639 818 718 meoniorum,
850 638 910 704 ille
932 643 973 703 ut
992 634 1157 704 umidum
1180 643 1209 701 et
1227 655 1288 702 va-

216 761 295 808 num
322 737 520 810 irridebant.
573 740 640 810 Sed
666 740 800 808 nondito
830 740 908 807 odio
938 737 1076 817 eandem
1106 740 1288 806 utilitatem

216 843 349 922 fovere,
385 843 515 910 enebris
545 845 701 934 epistolis
735 845 808 910 sine
835 849 992 934 respentn
1020 842 1135 909 veniae
1164 841 1289 932 probra

220 943 347 1011 Othoni
369 943 591 1030 obiectantes,
612 970 686 1015 num
707 945 809 1014 dures
831 949 978 1036 partium
1003 945 1148 1014 Othonis
1169 965 1289 1032 quam-

218 1046 272 1114 vis
300 1045 469 1114 uberrime
489 1053 719 1118 'nonniniorum
748 1055 783 1118 in
809 1051 987 1117 Vitellium
1017 1051 1153 1117 materia
1184 1049 1291 1116 absti-

220 1155 350 1217 nerent.
390 1153 447 1220 31.
470 1149 556 1218 Sene
579 1163 655 1219 ante
676 1155 854 1242 utriusque
875 1155 1015 1229 anitum,
1036 1175 1103 1241 qno
1124 1155 1291 1240 egregiam

222 1249 314 1318 otho
335 1253 476 1336 lernam,
496 1253 658 1324 Vitellius
680 1258 977 1346 flagitiosissimam
1001 1279 1160 1338 meruere,
1181 1259 1293 1325 minus

221 1353 361 1451 Vitellii
385 1359 524 1445 ignavae
549 1361 742 1448 voluptates
771 1383 870 1448 qnam
900 1360 1044 1426 Othonis
1073 1361 1295 1446 flagrantisei-

223 1480 297 1525 maa
315 1460 473 1528 libidines
494 1465 710 1530 timebantur·
759 1461 937 1530 addiderat
956 1464 1034 1530 huin
1054 1451 1217 1532 terrorem
1241 1472 1295 1532 at·

223 1581 289 1648 que
313 1561 425 1630 odium
446 1565 566 1632 eaedes
589 1567 734 1635 Galbae:
750 1575 879 1634 eontra
898 1567 951 1633 illi
979 1567 1111 1633 initium
1135 1567 1217 1632 belli
1235 1589 1296 1634 ne-

225 1686 279 1731 mo
302 1667 501 1756 imputabat.
529 1669 691 1738 Vitellius
712 1677 828 1738 ventre
847 1678 883 1738 et
903 1673 982 1757 gulo
1000 1671 1066 1736 sibi
1087 1669 1295 1753 inhonestae,

227 1765 320 1938 Othlno
339 1773 433 1855 luxu,
455 1774 612 1852 saevitia,
632 1772 771 1840 andacia
793 1775 842 1840 rei
862 1773 1014 1863 publiano
1036 1773 1211 1842 exitiosior
1232 1773 1296 1842 du-

226 1890 264 1936 os
289 1879 377 1942 etur.

233 2011 237 2030 ·
329 1975 525 2048 Goninnetis
540 1979 703 2051 Caecinae
726 1999 764 2046 an
786 1977 943 2046 Valentis
964 1979 1071 2069 oopiis
1091 1981 1182 2046 nulla
1205 1981 1297 2048 ultro

226 2099 330 2168 penes
358 2079 562 2152 Vitellianos
598 2105 690 2152 mora
719 2085 800 2173 quin
837 2083 923 2151 totis
951 2083 1080 2151 viribus
1115 2092 1296 2152 uerterent.

215 2183 321 2250 ‘Otho
350 2187 569 2269 consultavit,
606 2189 695 2256 trahi
724 2190 849 2256 bellum
878 2209 921 2254 on
951 2187 1120 2254 fortunam
1150 2187 1297 2276 experiri

227 2288 390 2378 ploraret.
439 2289 535 2358 Tnno
558 2291 927 2360 Suetonius-Paulinus
954 2290 1089 2378 dignum
1117 2292 1206 2358 ianua
1234 2313 1297 2360 sna

297 2481 329 2536 c·
345 2483 390 2535 tl.
423 2483 477 2536 aut
494 2483 661 2538 tatoneotuo
677 2483 837 2549 Victorias,
863 2487 889 2536 1ι.
910 2497 935 2536 a.
953 2487 1090 2538 moerens
1107 2488 1195 2536 semet
1209 2485 1301 2550 ipsum
1320 2465 1329 2480 ’

263 2552 410 2605 inhoneste
435 2565 530 2618 agens.
564 2557 603 2606 nt
622 2557 678 2607 Ma.
702 2555 754 2605 titt
778 2554 909 2605 intuatur
931 2556 962 2604 nt
977 2557 1048 2606 Anu.
1066 2555 1132 2621 XV,
1150 2553 1193 2606 ²5.
1218 2558 1248 2608 et
1263 2557 1299 2611 11.

264 2622 316 2688 lv,
332 2623 377 2675 oi.
396 2621 502 2677 tolero
519 2636 570 2688 pro
587 2623 728 2676 tntoooro
745 2626 800 2675 Me.
834 2623 892 2675 Alii
908 2623 961 2675 etot
976 2624 1066 2676 tostis
1082 2625 1235 2676 ediderunt.

230 2790 288 2842 ouo
312 2777 452 2843 signifieat
473 2777 504 2828 to
521 2789 579 2840 ooo
603 2789 744 2830 oneroso-
785 2779 917 2830 initorum
930 2789 983 2830 noo
997 2776 1026 2828 in
1039 2777 1189 2828 montibus
1202 2791 1299 2829 nnme-

230 2847 287 2905 ἀοῖ
307 2849 337 2900 ut
350 2859 374 2899 o.
387 2847 432 2899 85.
453 2847 618 2912 promotior
634 2859 745 2899 sermo·
786 2850 944 2898 rendarnm.
978 2847 1110 2897 Nimirum
1124 2851 1186 2898 erat
1199 2847 1300 2898 casei-

230 2929 284 2982 oe,
301 2919 326 2968 1.
343 2931 368 2972 e.
387 2917 459 2980 quod
472 2915 573 2968 attinet
585 2917 622 2966 ad
635 2927 744 2967 sermo·
786 2929 824 2968 na
836 2928 960 2982 corpere
973 2915 1074 2981 taneos
1088 2953 1096 2966 .
1111 2951 1118 2966 .
1135 2919 1233 2970 arceto
1251 2917 1300 2967 to-

231 2999 311 3048 nent,
330 2990 361 3035 ut
374 2989 443 3036 niiil
453 2987 529 3036 aliud
541 2986 649 3036 dicatur
664 2995 745 3048 quam
786 2997 867 3038 cesso
882 2985 905 3051 l,
920 2984 1093 3045 inpransus
1111 2987 1172 3036 lere
1185 2987 1216 3034 nt
1228 2985 1300 3036 Gor-

232 3057 262 3104 et
281 3055 370 3104 inissa
384 3053 531 3106 concinam
550 3055 696 3119 benignum
716 3055 745 3104 at
786 3055 850 3106 bulo
874 3058 944 3105 Ano.
967 3051 1047 3120 xlii,
1067 3055 1093 3105 8.
1114 3055 1160 3118 qui
1186 3057 1215 3104 et
1239 3055 1301 3117 ipse

233 3125 353 3175 nubitum
365 3137 445 3188 ossea
462 3127 511 3175 ont
523 3125 688 3189 mdiorum
701 3127 745 3173 est
786 3135 875 3188 super
891 3123 1099 3187 advertentiam
1117 3123 1302 3188 conmittens·

231 3197 525 3261 promuntunum,
544 3194 744 3258 111οηί811-
788 3194 945 3258 quostiam
962 3192 1056 3257 specie
1075 3194 1204 3244 loentum
1223 3193 1302 3246 uolt

232 3263 292 3313 tete
311 3273 364 3312 sna
384 3262 424 3312 lta
445 3263 609 3312 devinxerat
631 3263 745 3326 militas,
788 3264 841 3315 dos
857 3263 965 3311 dicitur.
1035 3265 1037 3268 '

233 3333 266 3382 nt
284 3343 353 3394 prae
366 3331 483 3382 cartule
497 3337 525 3383 et
540 3333 680 3394 norruptis
700 3331 746 3381 ta·
839 3333 873 3380 ut
886 3331 1023 3396 foedum]
1041 3329 1083 3378 Ad
1098 3327 1226 3380 libidines
1239 3329 1300 3380 Vo-

233 3399 420 3452 voreiudiolie
429 3401 515 3451 eidem
526 3403 654 3464 prompti
663 3404 747 3450 etnam
788 3400 873 3451 lentio
886 3399 1070 3461 referendum,
1082 3401 1255 3450 inaeniorum
1265 3401 1302 3448 ad

233 3469 339 3534 ingenii
357 3469 495 3532 animique
514 3471 621 3522 leudem
642 3471 747 3520 trione-
790 3469 912 3520 eiusdem
934 3469 1082 3519 avaritiam
1103 3470 1132 3518 et
1157 3467 1301 3530 raoeolto-

233 3541 314 3605 rent‚
332 3551 486 3602 quanquam
500 3539 607 3589 Valens
620 3542 672 3590 noo
686 3537 748 3603 qui·
792 3541 846 3588 tem
854 3553 863 3601 3
881 3539 911 3586 nt
925 3537 948 3602 l,
963 3537 989 3587 7.
1009 3539 1044 3587 ot
1057 3537 1185 3588 auaritia
1197 3540 1226 3589 et
1240 3537 1302 3586 oot-

236 3609 297 3659 dem
316 3607 421 3660 virtuto
446 3609 574 3670 superior
595 3612 666 3659 erat.
708 3609 750 3656 ite
791 3607 859 3658 dtoe
872 3607 1302 3672 foedometmoeutoaurn.onn.

235 3679 302 3729 mihi
314 3679 386 3728 ratio
399 3677 494 3728 vertor
508 3678 626 3728 videtur.
658 3678 748 3728 nom.
792 3675 930 3740 111133.
959 3675 1123 3738 Capitonem
1136 3675 1234 3728 uinea
1251 3676 1303 3726 de·

287 3747 365 3800 inunt
384 3748 509 3814 sonore]
537 3747 648 3798 Furore
663 3747 750 3798 nortis
792 3747 923 3796 tolerunt
935 3746 1108 3796 maculosum
1122 3744 1301 3808 foedumque.

236 3817 390 3869 ntionlons
408 3818 537 3878 emente,
557 3817 586 3866 id
598 3817 670 3878 qnod
689 3816 749 3878 pla-
792 3816 857 3866 Fuit
871 3816 961 3864 antem
978 3813 1083 3864 volana
1099 3815 1127 3863 st
1140 3813 1302 3874 libidinosus

235 3899 348 3950 rumque
362 3899 414 3936 usn
427 3885 524 3936 venire
537 3887 610 3936 solet
621 3896 689 3948 erga
699 3887 749 3934 no·
791 3881 859 3950 (111,
872 3881 930 3943 11.)
943 3885 971 3933 et
983 3893 1098 3948 averna,
1118 3881 1141 3946 1,
1154 3885 1198 3932 oti.

234 3956 323 4008 mines
336 3955 558 4007 vereamabilee.
587 3956 747 4014 Quanquam
842 3951 874 4006 G.
887 3953 931 4004 ai,
966 3954 1068 4002 uentre
1080 3953 1116 4002 ad
1128 3951 1302 4015 edacitatem,

234 4025 360 4087 speciose
378 4025 535 4076 Gronovius
550 4023 679 4074 toeniam
699 4023 747 4089 fo·
789 4023 857 4089 nalo
876 4023 912 4073 ad
930 4019 1117 4085 lignrltionam
1133 4023 1162 4072 et
1175 4021 1302 4072 rinolen-

233 4105 306 4147 ooro
325 4093 459 4160 contenit,
484 4097 511 4146 1ι.
526 4107 549 4145 a.
573 4105 665 4145 rerum
684 4093 747 4142 ior·
791 4091 858 4141 tiam
873 4091 1047 4146 referendum
1063 4093 1115 4144 ost.
