2854 4798
387 303 489 376 LlB.
501 303 531 378 1.
567 301 688 377 chr.
709 304 867 377 75-76.
1061 240 1065 252 ·
1147 305 1193 376 dd

109 481 278 548 Othonem
300 479 494 548 vertissent.
542 483 599 552 75.
612 489 613 492 ’
626 477 681 548 lta
703 477 881 570 promieaie
904 473 1004 546 aimul
1026 477 1238 548 aominiehv·

109 585 328 652 tentabantur
347 589 388 650 ut
414 583 505 650 ballo
533 583 701 672 impurae,
728 584 764 650 in
792 603 874 673 pene
904 579 990 650 nihil
1018 579 1189 655 nmieeuri.

107 711 216 776 neque
236 687 315 755 ideo
335 689 624 774 praetorianorum
646 684 731 752 lidae
758 691 910 757 mutata.
953 683 1023 753 Sed
1050 685 1190 756 insidia-

107 803 202 860 toreo
234 791 277 857 ab
300 789 434 856 Othone
463 789 498 854 in
526 787 757 869 Germaniam,
786 811 806 855 a
832 785 977 854 Vitellio
1006 787 1042 855 in
1069 788 1188 858 urbem

108 897 220 964 misai.
263 890 431 978 Utrisque
453 893 581 958 trustra
610 891 694 975 luit,
723 889 921 960 Vitellianis
943 893 1096 979 impune,
1126 912 1190 981 per

24 1057 26 1070 .
107 1007 239 1066 tantam
260 995 429 1063 homiuum
451 991 699 1062 multitudinem
722 1003 836 1062 mutua
859 994 1046 1082 ignorantia
1069 994 1189 1063 fallen-

24 1087 25 1090 *
107 1102 221 1168 tibue:
265 1098 449 1176 Othoniani
481 1101 627 1166 novitate
664 1099 795 1180 uoltue,
832 1098 986 1165 omnibua
1017 1097 1053 1164 iu
1083 1098 1188 1167 vinem

107 1204 244 1291 goario,
276 1200 518 1290 prodebantur.
576 1199 742 1268 vitellius
772 1201 907 1268 litterae
938 1199 981 1267 ad
1013 1199 1187 1268 Titianum

105 1309 247 1374 fratrem
272 1305 417 1372 Othonia
446 1303 656 1393 oompoeuit,
696 1303 834 1370 exitium
860 1291 929 1392 ¹ipsi
953 1301 1091 1391 filioque
1108 1305 1188 1373 jeiue

107 1409 289 1491 minitans,
318 1407 354 1474 ui
376 1408 561 1474 ineolumee
588 1405 655 1474 eibi
681 1413 789 1474 mater
819 1429 857 1473 ao
885 1406 987 1474 liberi
1016 1427 1189 1475 narraren-
1226 1409 1229 1416 '

24 1581 25 1592 ,
107 1522 177 1583 tur.
228 1521 264 1578 et
292 1511 391 1578 stetit
421 1509 541 1576 domna
572 1515 735 1598 utraque,
765 1509 829 1578 sub
854 1509 988 1577 Othone
1022 1509 1187 1579 inoertum

108 1640 149 1684 an
180 1623 289 1681 metu:
333 1613 498 1682 Vitellius
536 1612 644 1678 vietor
678 1613 875 1679 elementiae
914 1611 1056 1698 gloriam
1094 1614 1189 1683 tulit.

107 1725 163 1789 ⁷6.
208 1715 345 1785 Primus
369 1715 497 1784 Othoni
526 1715 682 1783 fidneiam
711 1714 843 1782 addidit
873 1737 913 1781 ax
936 1713 1077 1803 Illyrico
1105 1739 1189 1784 nun-

108 1823 181 1890 tiue
210 1822 342 1888 inrasae
364 1821 399 1888 in
430 1843 504 1888 eum
527 1818 720 1886 Delmatiae
751 1841 788 1885 aa
810 1815 1002 1887 Pannoniae
1033 1826 1069 1886 et
1095 1819 1190 1888 Moe-

106 1929 180 1995 eiae
201 1925 363 2011 legionen.
407 1922 501 1992 Idem
524 1943 564 1990 ex
585 1920 750 2012 Hispania
773 1921 933 2003 allatum,
961 1921 1189 2013 laudaturque

105 2049 171 2119 per
190 2025 338 2095 edietum
353 2025 494 2095 Cluvius
507 2025 636 2094 Rufus:
659 2033 697 2092 et
716 2023 831 2092 atatim
848 2025 1017 2112 cognitum
1037 2035 1091 2095 eet
1111 2051 1189 2096 oon-

105 2152 239 2198 vaream
273 2129 315 2196 ad
337 2129 515 2198 Vitellium
545 2127 757 2217 Hispaniam.
817 2126 872 2196 Ne
893 2130 1082 2218 Aquitania
1114 2131 1189 2219 qui-

105 2234 205 2316 dem,
239 2255 426 2320 quanquam
451 2231 492 2297 ab
513 2231 603 2299 lulio
626 2229 740 2300 Cordo
769 2231 804 2298 iu
826 2231 928 2299 verbe
950 2231 1098 2300 Othonia
1129 2233 1189 2300 ob·

103 2336 246 2416 etrieta,
275 2333 333 2400 diu
354 2336 491 2406 mansit.
541 2333 717 2423 Nusquam
747 2335 831 2403 lidae
862 2343 922 2402 aut
950 2356 1060 2404 amer:
1096 2343 1189 2403 matu

104 2463 144 2506 ao
175 2438 378 2504 naneaeitnta
407 2441 471 2505 huo
500 2438 582 2504 illue
607 2439 837 2505 mutabantur.
885 2437 1013 2505 Eadem
1044 2438 1188 2508 formido

102 2541 314 2631 provinciam
350 2539 605 2609 Narbonensem
645 2539 688 2606 ad
715 2539 895 2608 Vitellium
929 2542 1049 2625 vertit,
1095 2543 1190 2611 faeili

103 2645 258 2714 transitu
283 2642 325 2708 ad
354 2645 524 2730 proximos
556 2649 591 2709 et
619 2641 814 2714 validiores.
864 2645 1083 2734 Longinquae
1110 2667 1189 2736 pro·

104 2747 257 2826 vinciae,
295 2753 331 2812 et
360 2746 521 2836 quioquid
550 2765 717 2812 armorum
747 2747 833 2813 mari
863 2747 1051 2832 dirimitur,
1087 2769 1189 2838 panae

105 2852 277 2921 Othonem
298 2849 486 2931 manebant,
506 2869 571 2914 uon
593 2851 740 2938 partium
763 2849 896 2936 studim
916 2850 977 2919 aad
998 2859 1073 2919 erat
1088 2873 1189 2939 grau-

103 2957 150 3024 de
180 2959 382 3020 momentum
414 2952 449 3018 in
478 2951 609 3018 nomine
641 2953 737 3019 urbia
766 2975 805 3021 ao
836 2960 1011 3044 praetexto
1039 2963 1191 3038 aanatue,

103 3069 142 3127 et
166 3060 388 3143 oooupaverat
414 3054 542 3121 animoa
572 3053 667 3142 prior
697 3055 845 3127 auditue.
894 3056 1070 3127 ludaioum
1094 3079 1189 3125 exer-

104 3165 213 3231 eitum
245 3158 498 3246 Veepaeianue,
534 3155 659 3242 Syriae
693 3159 1049 3246 legionee'hluoianue
1075 3184 1190 3232 aaaron

105 3272 221 3334 mento
240 3261 385 3329 Othonia
405 3259 557 3348 adegere.
589 3261 693 3328 eimul
708 3263 891 3354 Aegyptus
912 3286 1093 3354 omnesque
1113 3289 1189 3336 ver-

105 3391 167 3438 nae
198 3370 233 3435 in
264 3367 438 3433 Orientem
475 3363 667 3450 provinoiae
704 3367 837 3432 uomina
868 3366 941 3432 eius
976 3371 1189 3441 tenebantur.

105 3466 208 3542 Idem
231 3469 374 3539 Africae
395 3467 612 3555 obsequium,
641 3466 740 3536 initio
763 3465 964 3556 Cartbagine
986 3480 1074 3544 orto.
1117 3473 1189 3544 Na-

178 3641 209 3696 0.
228 3641 272 3696 75.
305 3639 405 3708 amata
427 3625 586 3694 Bhenanus.
622 3643 659 3693 et
675 3642 751 3694 tiss.
775 3640 904 3710 Onam,
929 3644 1002 3698 unde
1019 3643 1188 3714 nueploeriet

143 3711 413 3766 amnemamnem
427 3711 459 3760 to
476 3713 576 3776 poento
591 3713 800 3776 prodebantur.
835 3713 924 3764 Dore.
995 3745 997 3752 ·

159 3849 241 3902 075.
276 3847 308 3899 tn
321 3848 404 3912 paca]
419 3849 511 3898 Monta
524 3849 629 3900 eddom
671 3849 830 3903 leottbuab.
845 3863 870 3900 e.
886 3850 1047 3902 latentibus.
1079 3851 1168 3903 Doro.

108 3917 406 3986 dnmtto,utll,20.
429 3915 542 3984 111,tt.
725 3919 756 3972 O.
769 3919 814 3970 70.
849 3917 1158 3984 dtumunatt,lutltla.

158 3989 286 4054 impune]
298 3985 389 4037 rrave
401 3987 495 4036 tanaro
509 3983 556 4048 qul
570 3999 631 4037 oum
664 4011 669 4022 ·
720 3989 894 4055 praetento]
909 3991 948 4038 ut
959 3989 1003 4046 77.
1014 3987 1120 4052 11,100.
1134 3991 1188 4063 tlt,

110 4057 277 4124 fauentibus
298 4055 463 4118 lunxerunt3
495 4054 546 4105 aad
570 4055 630 4122 fult
673 4054 716 4110 80.
730 4059 759 4109 et
773 4057 796 4122 1,
811 4054 856 4108 rt.
872 4058 1104 4122 spectarentur.

109 4127 281 4192 oogltettone
294 4123 473 4187 repetendum
492 4126 553 4188 eata
571 4125 629 4191 sot-
725 4127 860 4191 eodum,
877 4127 897 4177 i.
913 4139 940 4190 q.
956 4126 1071 4180 mutto.

143 4211 273 4278 raanan,
291 4209 336 4263 eo.
354 4209 536 4262 nonacrim.
560 4209 589 4259 r.
599 4207 634 4259 ιι.
649 4207 679 4259 r.
687 4207 709 4260 1.
965 4225 989 4296 5
