2854 4798
409 241 535 357 'utu
558 285 588 358 r.
625 281 743 354 cnr.
765 283 923 354 so-sr.
1171 284 1216 352 as

139 459 298 527 memoris
320 465 452 546 oaptem
475 461 601 527 totiens
624 459 696 526 suis
717 454 921 524 exercitibus
943 454 1077 536 urbem,
1110 457 1264 528 vesti-69.

137 571 243 630 tatem
276 559 419 645 Italiae,
453 562 660 654 direptiones
690 561 956 650 provinciarum,
990 555 1215 640 Pharsaliam,

137 665 316 756 Philippos
346 674 382 731 et
408 663 584 734 Perusiam
617 689 656 733 ao
681 666 866 744 Mutinam,
895 669 975 728 nota
1005 663 1215 751 publicarum

138 771 284 838 eludium
312 767 463 853 nomina,
493 770 729 858 loquebantur.
784 789 890 856 prope
919 785 1071 832 eversum
1100 766 1215 831 orbem

138 875 238 941 etiarn
262 893 338 940 oum
364 869 405 938 de
434 873 625 964 principatu
652 874 741 938 inter
770 871 875 936 honos
904 877 1103 938 certaretur.
1153 869 1214 936 sed

138 977 302 1046 mansisse
324 975 409 1046 Gaio
431 974 539 1052 lulio,
561 979 724 1044 mansisse
743 971 889 1043 Caesare
908 973 1067 1058 Augusto
1088 975 1214 1040 viotore

136 1081 329 1171 imperinm3
352 1101 540 1147 mansuram
563 1081 669 1147 luisse
691 1077 754 1146 sub
770 1075 932 1164 Pompeio
944 1075 1119 1166 Brutoque
1142 1099 1213 1144 rem

139 1183 327 1274 puhliasm3
359 1205 446 1250 nuno
468 1205 530 1274 pro
553 1183 687 1250 Othona
708 1203 750 1248 an
772 1203 834 1268 pro
856 1181 1000 1248 Vitellio
1029 1181 1064 1248 iu
1086 1183 1214 1271 temple

139 1279 274 1353 ituros?
292 1293 453 1375 utrasque
475 1286 597 1375 impios
618 1307 749 1374 preses,
771 1293 913 1373 utreque
935 1283 1134 1352 detestanda
1157 1307 1214 1352 vo·

138 1397 194 1469 te,
215 1390 305 1456 inter
327 1387 411 1456 duos
433 1411 573 1479 quorum
603 1388 692 1454 hello
714 1390 823 1454 solum
853 1387 890 1454 id
912 1389 1039 1466 eoires,
1067 1387 1213 1456 deterio-

138 1513 209 1558 rem
233 1493 305 1559 lore
326 1494 385 1582 qui
410 1491 558 1560 visisset.
599 1489 707 1558 Erant
720 1493 778 1578 qui
793 1490 1039 1581 Vespasianum
1063 1499 1099 1558 et
1119 1514 1213 1558 arma

137 1595 291 1663 Orientis
314 1603 572 1683 augurarsntur.
614 1602 650 1662 et
670 1603 710 1661 ut
733 1597 843 1682 potior
863 1607 1008 1685 utroquo
1025 1594 1213 1686 Vespasia-

135 1719 219 1780 nus,
241 1698 290 1765 ita
312 1699 438 1767 bellum
460 1697 553 1766 aliud
574 1705 676 1787 atque
699 1699 784 1766 alias
806 1701 921 1770 oledes
943 1698 1140 1770 horrebant.
1177 1709 1213 1768 et

135 1801 290 1888 ambigua
312 1801 355 1869 de
367 1801 579 1893 Vespasiano
599 1803 707 1886 lems3
729 1804 889 1894 solusque
909 1805 1054 1872 omnium
1075 1813 1153 1872 onte
1173 1826 1212 1874 se

134 1907 322 1998 prineiputo
343 1907 378 1973 in
400 1908 521 1973 melius
543 1913 692 1973 mutatus
712 1916 777 1977 est.

237 2031 291 2098 el.
334 2021 435 2091 Nune
457 2023 553 2091 initia
574 2047 759 2115 ooosasque
783 2033 895 2093 matus
914 2024 1092 2095 Vitelliani
1113 2051 1213 2120 expe·

134 2129 235 2198 diam.
286 2128 394 2200 caeso
418 2149 491 2194 aum
515 2131 668 2198 omnihus
690 2131 796 2219 eopiis
819 2129 908 2198 lulio
931 2129 1092 2214 Vindice,
1118 2135 1212 2205 lerox

134 2232 260 2324 praeda
283 2233 457 2320 gloriaque
481 2225 667 2316 exereitus,
691 2244 730 2301 ut
752 2237 806 2302 oui
829 2235 902 2302 sine
922 2236 1040 2303 lehore
1063 2260 1101 2304 ee
1123 2241 1212 2328 peri-

135 2337 211 2402 oulo
232 2333 388 2402 ditissimi
417 2336 498 2404 helli
527 2339 665 2405 viatoris
695 2337 877 2420 evenisset,
906 2337 1148 2429 expeditionem
1175 2349 1212 2410 et

136 2439 251 2520 seiam,
274 2439 422 2528 praemis
442 2462 541 2528 quern
560 2441 728 2530 stipendia
749 2443 906 2510 malebat.
947 2443 1006 2508 diu
1028 2444 1211 2514 iolruetoo·

135 2564 207 2609 sam
228 2549 263 2608 et
284 2563 435 2629 asperam
463 2546 617 2611 militiam
640 2549 865 2614 toleraverant
891 2547 1024 2632 ingenio
1046 2547 1113 2614 looi
1134 2571 1210 2616 ose·

132 2647 226 2733 lique
249 2651 284 2710 et
304 2647 483 2714 severitate
501 2649 715 2738 disciplinam
738 2673 838 2740 quan
861 2651 895 2716 in
919 2671 1001 2738 pace
1022 2648 1210 2719 inexorabi-

132 2751 199 2816 lem
220 2745 411 2816 disoordiee
434 2753 554 2820 oinium
578 2756 767 2838 resolvunt,
800 2754 930 2844 paratis
956 2751 1115 2840 utrinque
1136 2775 1210 2822 eor-

132 2851 331 2942 ruptorihus
353 2861 388 2920 et
410 2855 551 2944 perfidia
580 2859 757 2948 impunita.
807 2859 895 2934 viri,
924 2877 1035 2937 arma,
1065 2858 1144 2944 equi
1165 2857 1209 2926 ad

131 2982 229 3029 usum
252 2965 288 3026 et
312 2957 356 3025 ad
376 2957 478 3028 deous
501 2970 710 3052 supererant.
754 2961 822 3031 Sed
846 2967 923 3028 ants
945 2959 1071 3028 bellum
1093 2969 1209 3029 eentu-

182 3151 359 3213 ostendeus]
374 3153 439 3208 vlo.
454 3153 484 3204 ln
498 3155 520 3220 1,
536 3155 560 3209 t.
690 3157 774 3207 lebet.
809 3155 1018 3219 hasnonense
1038 3155 1128 3208 aaran
1147 3170 1209 3210 oum

181 3233 266 3275 orosa
278 3221 426 3283 ostentis]
459 3223 527 3275 soll.
545 3225 648 3276 motum
691 3225 865 3278 oherltnaln
880 3237 965 3289 osam
980 3223 1071 3276 otiare
1086 3227 1133 3277 vel
1146 3241 1208 3278 oum

130 3291 177 3343 iri.
690 3296 738 3346 Fr.
758 3295 792 3345 0.
811 3295 912 3346 ottone
939 3294 969 3344 lo
997 3306 1083 3358 ouans
1107 3307 1208 3360 passae

182 3359 214 3412 0.
228 3357 271 3409 51.
288 3357 376 3410 t'osso
389 3393 418 3410 ..
433 3359 564 3420 Vindice]
581 3360 646 3412 vlt.
688 3365 855 3418 numadum.
883 3363 974 3416 Dosa.

130 3431 190 3481 0.·6.
204 3429 280 3477 suet.
297 3427 330 3477 G.
343 3429 368 3478 0.
383 3429 454 3480 Plus
469 3429 502 3478 0.
517 3429 543 3483 5.
738 3435 777 3486 ad
790 3433 876 3485 derasa
890 3433 949 3484 edd.
960 3445 995 3482 ex
1010 3431 1060 3500 e,
1078 3431 1097 3482 l.
1111 3445 1137 3484 e.
1150 3445 1206 3486 non

177 3495 381 3548 ditissimttelti
389 3499 544 3560 causative,
552 3510 647 3548 exem·
689 3503 726 3554 ad
751 3503 945 3553 necessitatem
969 3501 1048 3552 modo
1075 3506 1207 3566 suppete-

129 3567 177 3630 plo
200 3565 301 3614 utboni
321 3565 446 3633 1,to,7.
466 3567 575 3618 liteitis
593 3567 647 3618 hoo
691 3575 756 3622 haut
774 3574 824 3622 sed
849 3575 878 3624 et
897 3574 933 3622 sd
952 3572 1089 3622 ornatum.
1138 3574 1207 3623 Tele

129 3634 234 3686 uitium
246 3636 291 3683 est
303 3635 380 3686 auri.
689 3643 734 3691 eet
748 3642 819 3703 quod
830 3641 927 3692 lisdem
940 3640 1016 3690 intra
1029 3638 1136 3707 trihutt,
1145 3641 1206 3694 aas·

183 3701 530 3768 caenomanensium,
548 3704 646 3766 eapte-
689 3713 752 3761 taos
770 3713 801 3762 st
822 3712 933 3778 faleras
954 3709 1132 3774 tnatpataoae
1152 3721 1207 3760 ar-

129 3769 197 3836 bot,
223 3771 295 3832 quod
313 3783 363 3832 per
376 3783 495 3835 neugma
509 3786 544 3823 ex
557 3775 646 3824 mle-
688 3791 803 3830 moruaa
828 3781 951 3844 arpesia
976 3778 1092 3828 decoro.
1126 3779 1206 3830 hors.

128 3837 179 3890 tat
202 3840 394 3889 mutuandum:
428 3843 534 3904 elloqui
557 3853 646 3904 prae-
687 3849 827 3899 Denaosth.
848 3848 914 3900 Cor.
941 3861 967 3909 p.
982 3845 1043 3898 ³0⁰.
1066 3844 1096 3896 0.
1118 3841 1157 3900 da's
1175 3863 1207 3899 se

127 3909 242 3971 ustoque
256 3907 426 3971 scripsisset.
438 3910 525 3963 Rutu.
539 3912 568 3961 in
577 3913 645 3975 Agr.
688 3911 918 3982 παραταξάμενοι
931 3911 980 3968 sais
993 3907 1104 3976 mosim
1117 3909 1207 3982 staigos

128 3990 155 4041 p.
168 3978 230 4029 27³.
265 3979 321 4028 Aut
333 3991 434 4028 sensus
445 3983 503 4032 est:
521 3982 645 4043 passuris
688 3981 737 4036 eds
750 3981 910 4051 ἀμέμπτως
919 3979 1008 4050 μόνον
1018 3975 1088 4048 ὑμᾶς
1101 3977 1207 4046 adseris,

127 4045 312 4108 expeditlonls
327 4051 356 4097 et
368 4048 439 4098 selei
448 4051 644 4102 extraordine-
689 4047 758 4106 ἀλλά
771 4053 820 4106 sal
834 4047 1012 4118 doemonis
1031 4045 1150 4110 idatios·
1164 4047 1205 4118 rufo

125 4115 173 4168 ria
185 4127 267 4180 quem
276 4117 420 4170 ordinaria
432 4119 571 4184 stipendia
582 4131 644 4172 ma·
687 4117 795 4190 siano,
805 4119 866 4177 sais
875 4117 1075 4190 ammath.
1086 4115 1122 4192 τῇ
1133 4137 1204 4190 spa-
