2844 4794
492 255 791 333 cunm-es
945 353 947 360 Ι
1120 259 1188 328 ros

113 432 202 498 tiore
224 433 341 510 erent,
366 439 496 518 portem
518 433 668 521 equitum
691 429 842 498 dimissis
862 431 979 520 equis,
1010 429 1111 496 simul
1133 451 1189 496 rs-

113 533 224 602 riores
240 533 344 600 silves
358 534 506 622 equitem
529 539 720 624 persultare
741 535 908 616 iussisset,
931 541 1103 622 occeptum
1126 531 1189 598 eli·

113 636 205 728 qued
228 637 346 702 volnus
374 639 589 725 pernimiam
613 638 767 705 liduoiem
791 638 891 708 iuret.
931 635 1100 705 ‘Ceterum
1128 628 1187 701 ubi

114 738 322 829 compositos
343 739 450 806 iirmis
464 741 637 809 ordinibus
660 745 756 832 sequi
777 761 897 808 rursus
919 739 1054 816 videro,
1077 739 1110 805 in
1132 739 1188 804 lu·

115 865 192 930 pem
216 841 323 924 versi,
350 843 644 930 resegminibus,
673 849 716 910 ut
740 846 855 934 prius,
882 864 942 908 nec
967 843 1055 908 elius
1085 843 1187 908 elium

115 953 363 1036 respectentes,
394 948 465 1014 reri
494 955 531 1014 et
552 947 724 1014 vitabundi
746 952 784 1014 in·
808 946 911 1013 ricem
933 945 1113 1032 longinque
1137 953 1189 1010 ot-

116 1072 183 1138 qce
205 1049 280 1116 orie
302 1049 443 1136 petiere.
491 1051 568 1116 linis
597 1051 758 1138 sequendi
787 1071 851 1118 nox
878 1057 914 1116 ot
941 1049 1081 1116 sotietos
1109 1047 1189 1118 luit.

119 1153 228 1222 Cossu
243 1152 388 1218 bostium
404 1149 447 1218 ed
466 1151 578 1218 decem
597 1157 705 1221 milis:
728 1163 918 1220 nostrorum
935 1153 1079 1218 trecenti
1093 1173 1187 1218 sere·

119 1257 212 1342 giute
242 1254 410 1338 cecidere,
450 1256 484 1321 in
509 1259 585 1343 quis
609 1259 724 1325 Aulus
746 1259 887 1326 Atticus
917 1256 1105 1345 praefectus
1133 1275 1190 1319 co-

119 1360 246 1444 lrertie,
276 1358 414 1425 iuvenili
434 1359 556 1426 ordure
577 1365 612 1425 et
633 1361 757 1426 ieroclu
780 1361 858 1449 equi
883 1359 1035 1426 hostibus
1060 1359 1189 1424 illutus.

120 1466 176 1534 38·
196 1461 242 1530 Et
263 1483 328 1528 nox
353 1459 486 1548 quidem
511 1461 632 1546 gaudio
656 1463 846 1552 praedoque
875 1464 965 1529 lecte
987 1459 1189 1527 victoribus:

120 1565 276 1632 Britanni
297 1566 469 1655 polentes,
490 1567 659 1653 mixtoque
681 1567 828 1633 virorum
852 1567 1093 1652 mulierumque
1116 1563 1190 1652 plo-

121 1675 200 1733 retu
223 1669 587 1749 transreninarum,
611 1691 730 1735 vocure
753 1670 923 1757 integr-usq
953 1667 1108 1734 deserere
1130 1665 1190 1732 du-

52 1767 56 1772 ’
122 1791 195 1836 roos
218 1793 255 1836 ec
277 1791 337 1860 per
365 1773 448 1838 irem
476 1775 567 1840 ultro
592 1770 783 1855 incendereq
813 1775 938 1859 eligere
957 1769 1124 1850 latebras,
1156 1779 1191 1835 et

122 1874 238 1940 stetim
268 1875 475 1962 relinquersq
523 1875 662 1941 miscere
698 1877 732 1942 in
759 1876 863 1944 ricem
896 1873 1036 1942 coneilio
1065 1871 1190 1960 ulique,

123 1973 201 2042 dein
223 1997 399 2065 esporureq
426 1977 604 2067 eliquondo
623 1979 734 2065 lrongi
756 1985 894 2070 espectu
915 1981 1089 2068 pignorum
1113 1996 1192 2041 sno-

122 2099 216 2158 rum,
252 2082 387 2168 cespius
414 2083 587 2149 concitari.
648 2085 799 2171 setisque
835 2081 1011 2150 conetobet
1044 2077 1192 2146 seerisse

123 2179 287 2268 quosdam
315 2185 350 2248 in
371 2186 528 2270 coniuges
557 2207 595 2250 oc
625 2185 770 2268 liberos,
807 2193 963 2274 tonqueru
995 2183 1193 2250 misereren-

124 2293 195 2354 tur.
257 2281 436 2353 Proximus
466 2287 538 2354 dies
566 2287 684 2356 ieciem
713 2289 874 2356 victoriae
908 2288 1011 2356 lulius
1041 2285 1192 2374 speruite

123 2395 256 2454 restem
279 2388 402 2477 ubique
424 2391 613 2472 silentium,
633 2393 757 2460 secreti
780 2395 904 2473 colles,
929 2391 1094 2458 surrentin
1115 2408 1193 2477 prc-

124 2491 181 2556 eul
217 2497 327 2570 tecte,
363 2513 459 2558 nemo
498 2494 766 2581 exploratoribus
795 2495 925 2562 obvius.
994 2491 1126 2582 Quibus
1160 2491 1195 2558 in
1237 2575 1243 2588 1

125 2613 254 2658 omrem
276 2599 405 2681 portem
429 2595 598 2678 dimissis,
627 2597 685 2666 ubi
706 2598 833 2666 incerto
854 2599 953 2682 lugoe
975 2595 1115 2678 reetiqis
1138 2615 1196 2660 ne-

127 2716 193 2784 que
222 2717 363 2784 usquem
392 2698 586 2782 conglobari
614 2701 727 2766 bostes
756 2709 982 2792 routpertum,
1012 2705 1048 2764 et
1076 2707 1196 2764 erecto

127 2800 191 2866 ium
215 2809 344 2868 eestoto
374 2800 490 2889 spargi
512 2802 635 2870 bellum
666 2803 844 2892 nequibat,
873 2801 1011 2868 inlices
1032 2799 1197 2866 Honestu-

196 3006 228 3058 c.
246 3007 290 3060 38.
323 3021 463 3072 reparare
479 3011 592 3076 lipsius
613 3023 674 3062 curu
690 3013 744 3064 Vb.
768 3015 794 3062 1ι.
812 3025 837 3064 e.
865 3010 919 3062 eibi
943 3009 1057 3076 quisque
1079 3018 1196 3073 sepers-

164 3075 213 3129 tlrn
229 3079 385 3132 consulere.
420 3083 457 3132 st
473 3081 531 3134 Ali.
547 3093 678 3145 sperare.

163 3191 390 3312 tm{erectorum
405 3195 462 3246 ΑΕ.
480 3197 517 3246 nt
534 3195 612 3246 vett.
629 3196 828 3248 Borestorum.
862 3193 950 3247 iicclle
966 3195 1079 3264 Aeque,
1096 3196 1127 3246 ut
1146 3207 1199 3258 pu-

131 3397 218 3449 erest
237 3397 362 3449 dimissis
381 3397 461 3464 equis
477 3403 646 3463 persultare
687 3399 804 3465 slmiles,
822 3413 883 3453 cum
897 3401 986 3466 pridie
1001 3403 1056 3452 tem
1068 3399 1201 3464 trequen-

130 3466 270 3517 tscsrteeet.
306 3467 375 3516 Nem
395 3467 464 3518 iliud
483 3458 568 3520 simut
590 3469 645 3520 nisi
687 3473 730 3522 tes
744 3471 923 3522 insidentibus
937 3472 1064 3521 tuissent.

130 3535 247 3600 perterre
264 3537 391 3600 equitum
409 3549 470 3588 curn
483 3539 647 3590 cotortttue
738 3573 870 3634 mma]
893 3573 948 3624 p„
973 3569 1127 3634 „qptoffl
1148 3580 1201 3632 pm

131 3601 291 3668 coniungit,
317 3613 433 3666 prorsus
453 3607 570 3658 otiosum
591 3611 644 3659 eet.
687 3641 827 3696 mma·
847 3642 956 3694 mem,
973 3644 1066 3692 m..
1084 3639 1203 3690 mereo

132 3671 272 3789 ⁰⁰¹8&
314 3741 452 3804 mm„
470 3741 646 3794 scenen-
687 3722 723 3762 ee
739 3713 822 3777 nge,
847 3711 892 3761 cnr
911 3711 979 3762 nm
1000 3707 1071 3760 seru
1089 3705 1202 3758 mucul

133 3809 199 3867 m]
221 3810 259 3858 u,
277 3807 407 3860 amm
428 3811 474 3871 qni
492 3811 647 3874 cmm·
689 3781 737 3832 rel
748 3781 910 3832 insidiarum
923 3781 1030 3845 subest,
1048 3777 1097 3827 sed
1110 3777 1203 3838 inque

134 3879 192 3929 “-
209 3877 293 3942 ω’.
310 3878 505 3944 palmum„
524 3879 649 3946 smdM·
689 3850 744 3901 ΙΙΜ
756 3851 871 3914 ΊΙΜΠΟ
885 3847 1014 3900 Mussub-

134 3957 202 3998 rese
225 3947 337 3998 ceretu
362 3945 473 3998 timent.
509 3949 600 4003 cern.
620 3947 648 4002 8.
745 3949 846 4019 epcrpt
865 3947 986 4008 tenum]
1003 3947 1042 3999 Ut
1059 3947 1131 3998 Anu.
1152 3943 1206 4012 lli,

134 4015 210 4068 rior.
227 4015 278 4079 ill,
295 4019 321 4068 o.
691 4019 735 4071 2¹.
747 4019 767 4072 l.
782 4031 807 4070 e.
825 4013 1011 4082 circumferet,
1028 4013 1150 4070 dirersis
1161 4013 1208 4070 lo-

185 4084 293 4137 eecrett
314 4083 414 4144 cotton
440 4083 474 4136 il.
496 4095 521 4137 e.
539 4087 648 4140 secreto
692 4089 734 4142 cis
748 4091 777 4142 et
790 4087 882 4140 tiviro
894 4083 1028 4138 exercitu.
