2844 4798
397 175 461 243 DE
492 175 659 247 Tsclrl
692 177 923 250 SERMONE.
1161 201 1193 246 ur

131 349 200 410 tcto
230 341 446 432 suspendunt.
504 347 570 416 set
599 349 629 416 si
656 351 826 416 veritatem
855 351 953 414 etium
982 351 1014 416 ir
1046 351 1188 416 tantillis

131 445 280 511 minutiis
305 445 399 512 suxis
428 449 539 535 sequi,
574 450 604 514 si
633 471 696 517 noo
726 470 846 517 sersus
873 451 970 518 moe·
996 450 1187 536 trogmorum

129 547 333 632 ingeniorum
365 547 424 613 ecel
452 549 622 616 litterulas
652 555 750 618 etiem
782 555 834 640 ple
865 555 1026 620 ueremi,
1041 556 1094 623 les
1112 562 1185 636 Jeet,

130 645 217 713 houd
242 669 303 733 ego
330 650 365 716 in
388 651 448 734 iis,
477 671 560 737 quse
583 653 722 718 rollonis
744 646 907 720 lumento
930 657 1059 740 legibus
1075 656 1185 720 ‚nullis

129 750 301 838 perpendi,
324 753 415 818 rullo
438 751 551 818 iudicii
575 756 722 822 scuuiue
737 755 911 824 diiudicari
934 765 1070 843 queunt,
1089 754 1185 842 qut

128 873 225 938 quem
254 851 380 919 hehebo
405 855 459 921 cui
480 855 591 942 potius
615 856 744 923 credere
774 877 870 944 quern
901 859 954 922 rel
969 861 1038 927 ,cri
1065 858 1183 926 cetui.

128 948 242 1038 Quare
271 951 444 1020 videndum
475 977 515 1021 su
551 959 590 1021 ul
619 955 660 1025 G.
688 960 742 1026 24.
777 959 867 1023 nullo
898 959 1005 1026 utere
1035 961 1182 1044 exemplo

127 1061 270 1119 ἐπιπιὼν
294 1055 451 1136 hebetur,
485 1057 532 1122 ite
558 1058 648 1124 Anu.
671 1057 738 1139 vl,
761 1062 813 1128 ΙΙ.
841 1059 981 1126 venditio
1015 1075 1047 1126 et
1077 1067 1183 1124 cretio

125 1156 333 1223 reticendum
362 1158 425 1239 sit,
456 1179 516 1246 pre
536 1177 602 1245 quo
629 1181 713 1226 nuuc
738 1167 834 1224 cestio
862 1159 1003 1246 legitur3
1029 1170 1063 1226 et
1090 1161 1181 1230 Aru.
1310 1227 1311 1230 ,

125 1257 190 1339 lv,
209 1263 264 1328 oo.
299 1268 490 1348 corruptum
528 1264 665 1326 uterne
700 1261 801 1326 malui
837 1263 872 1328 iu
904 1265 1076 1332 tetulerunt
1111 1283 1180 1326 mu-

124 1370 198 1426 tere
232 1381 330 1447 quoru
369 1365 403 1427 iu
445 1365 598 1428 nureo
671 1363 750 1430 Alie
792 1365 890 1428 etiem
927 1383 1011 1448 ques
1039 1361 1179 1450 pridem

123 1466 353 1542 exolevereut,
380 1463 545 1526 retinuere
575 1460 740 1541 editores,
778 1473 816 1532 ut
843 1461 932 1530 Hist.
962 1459 995 1538 1,
1021 1465 1075 1533 31.
1107 1452 1178 1528 ncc-

121 1569 201 1630 rlrm
240 1585 303 1652 pro
340 1567 476 1630 medon
503 1565 562 1630 ¹vel
594 1565 686 1634 ens.
712 1563 781 1647 ΙΙΙ,
817 1568 850 1636 2.
897 1586 1027 1630 erum
1061 1563 1179 1648 fungi.

121 1667 213 1754 Quin
243 1666 341 1732 etism
371 1665 535 1752 peritioris
561 1670 608 1730 uie
633 1665 712 1732 vicit
738 1675 778 1732 ut
805 1672 1059 1732 conservaretur
1078 1663 1179 1732 ,nial

120 1771 177 1836 26.
226 1765 302 1834 Nor
330 1768 543 1834 insolentiores
574 1777 653 1832 suut
681 1765 901 1846 Anu..xiv‚
922 1773 954 1833 7.
987 1787 1178 1856 expergens,
1248 1790 1251 1803 ·

119 1870 175 1936 vel
195 1869 285 1939 Aru.
308 1868 343 1952 1,
367 1875 397 1938 l.
412 1872 523 1954 folco,
549 1867 603 1932 vel
625 1869 712 1934 Aeo.
734 1867 788 1942 ll,
812 1872 865 1934 lt.
893 1867 1072 1952 singularis
1093 1872 1179 1932 sucre·

118 1991 181 2056 pro
201 1970 332 2052 boeotos,
353 1971 404 2036 vel
427 1968 516 2037 Hist.
531 1968 564 2048 l,
585 1971 639 2036 ⁵3.
660 1973 768 2036 decen·
789 1977 932 2050 inuecto,
957 1991 1020 2036 nou
1041 1963 1174 2032 eerrdem

116 2071 354 2157 indulgentiam
377 2079 523 2160 experte.
572 2072 708 2158 Anceps
733 2071 842 2136 hercle
864 2069 1027 2136 sedulitas
1048 2077 1102 2135 cst
1124 2075 1175 2131 tc-

116 2174 165 2240 lie
187 2173 334 2240 invidere
355 2176 386 2239 ei
406 2172 580 2260 scriptori,
609 2173 667 2258 qui
686 2173 751 2238 sihi
779 2175 835 2238 uui
862 2195 898 2239 se
928 2173 1069 2240 similem
1100 2190 1175 2233 esse

115 2276 223 2344 voluit
242 2287 277 2342 et
298 2297 338 2365 ue
359 2276 557 2340 imitatorem
579 2272 710 2359 quidem
732 2285 848 2341 uectus
870 2285 938 2354 est,
969 2275 1063 2340 cuius
1086 2293 1173 2337 ccm-

116 2381 289 2469 paratione
308 2376 389 2464 quid
409 2377 460 2441 illi
482 2375 682 2460 placuisset,
706 2375 787 2463 quid
809 2399 871 2444 nou
896 2375 1092 2464 placuisset,
1121 2393 1175 2436 ss·

116 2481 256 2548 stimere
276 2481 448 2568 quiequam
470 2484 595 2564 posset.

216 2597 330 2666 Nove
353 2603 459 2661 eutem
483 2594 683 2660 vocabule
706 2591 846 2660 Tacitus
869 2589 1023 2680 precedit
1044 2597 1082 2656 ut
1100 2587 1173 2676 opi-

114 2724 178 2768 nor
198 2723 320 2789 peuce,
352 2707 466 2764 contre
494 2716 606 2762 corum
631 2693 917 2776 consuetudinem,
944 2695 1003 2781 qui
1028 2692 1173 2776 nouitate

114 2803 272 2869 dictionis
296 2797 564 2887 exsplendescere
584 2796 742 2884 cupiuut3
764 2796 828 2862 uisi
850 2798 938 2862 lorts
957 2795 1066 2886 omnis
1088 2811 1172 2879 quse

114 2927 276 2992 nusquam
299 2909 431 2991 praeter
453 2899 558 2986 ipsum
581 2917 679 2962 unum
712 2899 924 2984 reperiuntur
953 2895 1106 2962 continuo
1130 2893 1171 2960 olo

113 3031 154 3074 eo
174 3007 310 3074 conficte
334 3011 442 3090 putes.
501 2999 654 3068 Ceterum
681 3001 818 3066 meritus
843 3000 1005 3066 lubricum
1036 3005 1090 3064 cst
1119 2993 1171 3062 tli-

112 3107 279 3189 iudicm,
313 3100 479 3191 numquoel
500 3101 692 3170 vocobulum
717 3101 843 3190 primus
870 3100 1081 3187 usurpaverit
1102 3095 1170 3162 Te·

111 3213 200 3279 citus
222 3231 263 3276 eu
284 3229 343 3272 uos
365 3207 505 3294 primum
530 3203 616 3290 opud
641 3202 796 3270 Tacitum
817 3205 979 3289 legemus.
1027 3197 1170 3284 Quoties

112 3313 263 3380 omuibus
294 3308 524 3376 vocabulorum
561 3303 786 3391 opertorum
819 3305 949 3390 legibus
980 3299 1170 3388 respondet,

113 3416 227 3502 utiquc
255 3405 453 3498 parcendum
478 3409 629 3475 existimo
653 3409 687 3474 iu
715 3430 753 3474 eo
776 3407 957 3494 scriptore,
984 3425 1081 3491 quern
1112 3427 1169 3471 uo-

112 3514 210 3584 vordi
237 3513 358 3580 crimen
391 3509 521 3576 minime
544 3509 772 3599 perhorruisse
796 3514 937 3575 constet.
986 3507 1169 3574 Intueren-

111 3625 181 3696 tia,
205 3623 377 3700 improepcr
397 3612 573 3678 uoviuteur
598 3633 677 3678 scus
697 3609 848 3676 redolent
869 3616 908 3674 ut
928 3605 1098 3676 Ciceronis
1120 3617 1169 3673 is-

111 3719 268 3794 oc'rtests'o,
304 3711 364 3778 sed
391 3711 618 3780 condonentur
646 3711 767 3799 Tacito
804 3711 845 3776 sb
879 3708 1042 3776 cruribus.
1101 3708 1169 3776 sse

111 3815 210 3882 etiem
232 3815 505 3882 concitationibus
526 3815 617 3881 Aur.
639 3811 710 3892 ΙΙΙ,
728 3814 783 3882 26.
811 3811 1007 3890 retinerem,
1031 3812 1063 3878 si
1093 3832 1169 3878 con·

112 3927 220 3986 steret
243 3917 404 4000 syllohom
430 3933 465 3982 to
488 3939 505 3982 e
529 3913 693 3984 Beroeldo
716 3915 845 3980 demum
870 3914 1002 4080 pupictie
1024 3919 1167 3982 oetatem
1203 3925 1208 3932 “
