2854 4798
426 233 581 308 unt.
623 231 745 306 GAP.
766 235 923 306 St-bb·
1172 232 1217 300 ⁷3

106 434 109 440 ·
140 410 312 502 posuerint
332 408 501 492 ordinem,
532 409 628 478 cuins
652 405 833 498 splendere
855 415 891 474 et
911 405 1018 494 glorie
1040 401 1159 472 sordes
1180 408 1267 470 etue.

137 515 382 583 obscuritatem
414 513 676 582 Vitellianarum
719 513 867 599 portium
913 497 1217 601 praestringimus?

136 619 305 688 Nationes
335 619 465 706 clionee
495 617 670 704 oocnpsvit
687 615 872 696 Vitellius,
905 616 1082 702 imnginem
1110 633 1216 700 qusn-

136 721 214 790 dum
238 723 405 790 exercitus
428 721 546 788 bebot:
567 727 705 788 eenetns
726 719 899 786 nobiscum
919 728 984 788 est.
1014 719 1077 786 -sic
1099 719 1154 799 fit,
1175 722 1217 782 nt

135 828 213 894 binc
234 847 292 894 res
313 827 465 914 publice,
500 822 578 892 inde
599 822 713 890 hostes
740 823 790 888 rei
812 821 967 909 publices
989 822 1215 890 constiterint.

137 924 259 1018 Qnidl
283 951 343 996 ros
366 928 622 1018 pulcherrimam
645 926 728 992 benc
747 924 863 992 urbem
886 903 1039 993 n'omibus
1058 933 1096 993 et
1116 925 1217 993 tectis

137 1042 173 1099 et
194 1044 358 1117 congestu
379 1029 529 1118 lepidum
561 1036 653 1111 sterp
682 1021 847 1096 cronicis?
877 1038 968 1096 muts
989 1031 1057 1096 ieta
1085 1041 1121 1096 st
1142 1031 1216 1096 ine·

138 1134 229 1200 sirm
257 1133 457 1201 intercidere
479 1155 517 1202 cc
538 1133 691 1222 reporsri
713 1132 880 1220 promisco
910 1139 1008 1201 sunt:
1033 1134 1216 1202 aeternitee

137 1257 251 1304 rernm
274 1245 310 1303 et
333 1257 398 1322 pex
420 1238 568 1322 gentium
589 1243 624 1302 et
647 1255 720 1300 mee
742 1257 816 1302 cnm
841 1245 952 1302 vestre
973 1238 1068 1304 seles
1088 1235 1217 1302 incolu-

139 1341 259 1406 mitete
280 1345 420 1406 senatus
445 1340 609 1407 firmetur.
661 1335 760 1404 Hunc
784 1339 958 1425 suspicite
981 1361 1001 1404 e
1023 1347 1161 1426 parente
1181 1347 1217 1406 et

138 1442 315 1510 conditore
335 1441 431 1508 urbis
451 1449 587 1508 nostroe
607 1439 820 1523 institutum,
846 1449 882 1508 et
908 1465 928 1508 e
950 1445 1086 1528 mptum
1108 1465 1217 1532 usque

138 1545 184 1614 ed
213 1546 381 1634 principes
403 1546 594 1612 continuum
618 1551 653 1610 et
680 1545 902 1612 immortalem
930 1549 1019 1614 sicut
1040 1569 1060 1614 e
1081 1547 1217 1614 maiori-

138 1649 205 1717 bus
228 1649 435 1737 accepimns,
463 1649 513 1714 sic
535 1648 682 1736 posteris
704 1647 888 1716 trudemus.
940 1671 1015 1715 nem
1037 1655 1076 1716 ut
1096 1671 1137 1716 er
1158 1671 1217 1716 vo·

139 1753 195 1819 bie
217 1759 407 1832 tencteros,
428 1751 478 1816 ito
504 1771 544 1816 ex
566 1750 777 1818 senatoribus
800 1751 967 1840 principes
999 1759 1217 1822 noscuntur.“

137 1855 197 1929 85.
223 1851 397 1920 literatis
419 1852 463 1920 ed
490 1851 767 1941 perstringendos
789 1855 1049 1944 mulcendosque
1072 1859 1216 1924 militnm

139 1960 289 2040 enimes,
326 1965 362 2023 et
389 1957 580 2026 severitatis
609 1957 728 2026 modus
763 1963 893 2046 (nsque
920 1961 1007 2026 enim
1036 1960 1071 2028 in
1100 1962 1216 2049 plures

138 2083 240 2150 qnam
260 2063 294 2128 in
315 2059 402 2128 dnos
416 2059 637 2128 animadverti
659 2062 821 2148 iusserat)
842 2069 937 2148 preto
960 2072 1109 2153 recepte,
1126 2086 1217 2132 cem·

139 2167 314 2254 positique
336 2164 379 2232 erl
403 2186 563 2254 prensens
583 2165 642 2254 qui
666 2168 813 2233 coerceri
845 2189 910 2233 non
932 2175 1099 2256 poterent.
1150 2188 1217 2234 non

140 2275 254 2335 temen
274 2267 370 2356 quies
392 2271 489 2336 urhis
511 2268 678 2336 redieret:
701 2271 866 2357 strepitus
888 2271 1031 2336 telorum
1054 2277 1090 2336 et
1111 2271 1216 2338 lucios

139 2371 225 2439 belli
245 2379 336 2452 eret,
364 2372 529 2440 militibus
556 2378 596 2438 nt
618 2373 703 2438 nihil
729 2373 763 2440 in
791 2395 963 2442 commune
990 2375 1218 2455 turbantibus,

139 2475 193 2544 ito
214 2477 344 2567 spernis
373 2496 435 2564 per
455 2475 593 2552 domos,
623 2478 755 2544 occulto
775 2476 891 2544 babitu
914 2485 949 2544 et
971 2477 1115 2564 maligno
1137 2483 1232 2544 cnre‘

175 2663 242 2800 mg.
257 2659 301 2714 et.
333 2662 576 2732 praestrioptmus
601 2665 876 2718 enumeremus.
909 2667 947 2718 At
969 2667 1046 2718 MSS·
1070 2666 1218 2732 perstric-

234 2746 276 2784 ue.

209 2830 339 2884 imoimo
355 2829 468 2893 Lipsius
491 2833 555 2882 coll.
580 2833 653 2884 Ann.
671 2833 722 2899 lv,
739 2835 782 2884 69.
806 2834 877 2884 Plin.
895 2833 962 2884 Pen.
981 2831 1026 2885 50.
1050 2833 1137 2884 Muta
1154 2831 1219 2898 put-

176 2901 242 2954 iem
258 2903 317 2954 teto
333 2903 363 2952 et
379 2901 476 2954 ocimo
492 2903 625 2954 conectis
639 2905 751 2955 scotice
769 2907 865 2956 tameo
883 2905 913 2956 st
930 2901 1039 2956 tartari
1059 2903 1220 2962 clamori

177 2975 207 3022 et
224 2970 282 3022 Cio.
296 2971 382 3022 verr.
400 2969 437 3036 V,
456 2971 500 3021 67.
533 2971 571 3020 st
585 2973 640 3022 Me.
656 2973 769 3040 iconio,
788 2976 859 3036 qnod
877 2973 949 3024 tucri
966 2975 1104 3035 utcunque
1125 2973 1219 3034 possis

177 3041 243 3092 coll.
263 3041 346 3093 tnnc.
364 3039 401 3105 11,
419 3039 463 3090 62.
488 3041 620 3105 torquem
636 3042 765 3096 scuinme
788 3044 840 3094 tile
857 3043 914 3094 sint
931 3043 1027 3095 lneniu
1047 3037 1219 3110 irrationi-

177 3125 270 3176 opero
289 3101 416 3160 cleison·
449 3109 539 3160 Doro.
1150 3149 1154 3156 .

212 3208 287 3259 scut
306 3207 366 3257 edd·
383 3209 421 3257 st
437 3209 492 3261 bia.
509 3207 562 3260 tle.

212 3305 242 3359 0.
260 3304 304 3359 8⁵.
339 3305 402 3358 betti
416 3309 484 3360 crat
499 3307 605 3360 Puteol.
621 3307 660 3359 st
675 3309 752 3360 MSS·
769 3307 835 3362 betti
850 3311 889 3364 ct.
912 3311 1046 3375 suspicor
1063 3311 1092 3364 ct
1110 3323 1145 3362 cx
1163 3310 1220 3360 nrt-

179 3376 326 3442 togrepnte
341 3377 436 3428 netum
452 3389 527 3430 csse.
559 3379 649 3430 Doro.

195 3529 539 3589 stors]1{.e.coceters.
703 3545 797 3582 rernm
818 3542 836 3582 s
854 3535 955 3596 populo
975 3535 1055 3588 Rom.
1077 3535 1221 3600 gestarum

195 3599 323 3650 iconium
342 3633 349 3646 .
371 3631 378 3645 .
399 3600 545 3664 promisco
569 3601 660 3659 sect]
703 3607 829 3653 eeteros.

146 3667 322 3719 Attrsctione
338 3667 449 3719 Greece
464 3671 661 3734 procpromt-
753 3671 784 3722 G.
802 3667 846 3722 ⁸5.
880 3669 1004 3733 meros]
1027 3671 1093 3724 scil.
1109 3670 1220 3742 idonce,

145 3747 246 3787 eccum
252 3739 297 3788 est
310 3737 344 3796 (Ι.
352 3749 379 3800 q.
387 3737 455 3786 nibil
468 3738 567 3798 refert,
578 3732 660 3789 ilui—
702 3743 734 3792 nt
748 3742 798 3808 lv,
811 3743 855 3791 69.
871 3745 943 3792 Αιιιι.
959 3741 1038 3808 xlv,
1054 3743 1079 3792 3.

145 3803 235 3924 pppis
246 3801 408 3866 inmmutc
421 3806 479 3856 istc
492 3807 521 3856 et
534 3805 661 3858 inanimo
753 3813 902 3875 compositi
916 3811 1063 3862 clementie
1083 3811 1112 3860 et
1130 3809 1220 3876 tergi-

192 3875 323 3926 eccum
347 3873 560 3938 increparent,
597 3875 614 3924 t.
634 3889 660 3928 c.
703 3879 795 3942 tione,
832 3882 878 3944 qut
898 3880 1030 3940 coerces-t
1053 3878 1170 3942 imperio
1191 3885 1221 3931 ct

146 3943 203 3993 iste
215 3942 277 3994 sinc
291 3943 452 3994 discrimine
464 3943 555 3994 everti
569 3955 603 3995 ec
617 3957 663 3996 re·
706 3948 874 3999 encteritets
889 3961 944 3999 non
958 3952 1098 4012 poterent.

146 4013 243 4076 pereni
254 4015 381 4077 possunt.
414 4013 457 4063 Itx
474 4013 564 4064 Bscn.
756 4018 1134 4080 caltiamentorum,
1152 4017 1221 4080 utt,

195 4083 358 4137 octcrcitm
372 4081 487 4144 rerem]
504 4083 539 4134 u.
551 4095 575 4134 c.
589 4085 664 4137 teme
706 4083 733 4137 t.
748 4088 812 4138 htv.
828 4089 881 4156 tx,
896 4087 938 4140 17.
960 4087 1063 4146 vous.
1082 4089 1113 4142 Ρ.
1126 4087 1162 4138 11.
1177 4085 1222 4136 ee.
