2854 4798
413 289 518 364 ΗΒ.
537 291 568 364 1.
610 289 731 362 cni.
753 291 910 362 dii-4⁷.
1158 289 1201 404 di

126 489 165 534 ac
202 465 342 534 saevitis
379 465 532 553 fatigari,
575 465 679 534 donec
708 465 914 534 vocationem
949 468 1086 531 emeret.
1144 460 1252 527 ubios.

126 571 318 662 sumptibus
338 570 520 638 exhaustus
543 569 699 638 socordio
720 569 860 658 insuper
880 569 1086 652 elanguerat,
1108 565 1204 654 inope

127 696 190 766 pro
212 675 379 762 locuplete
404 681 439 739 et
460 673 551 740 iners
574 696 637 764 pro
660 681 798 741 strenuo
819 675 853 738 in
877 671 1083 758 manipulum
1114 668 1204 735 redi·

127 779 205 862 hat3
226 800 263 844 ue
286 798 405 844 rureue
427 777 516 844 alius
539 785 640 864 etque
663 777 769 858 alius,
789 774 906 842 eadem
929 780 1079 860 egestate
1100 796 1138 840 ao
1160 774 1205 838 ii·

126 882 235 948 oentio
263 879 431 968 corrupti,
462 879 504 948 ad
524 880 707 948 seditiones
727 889 763 948 et
791 877 980 946 discordias
1009 884 1045 943 et
1074 875 1118 943 ad
1147 899 1204 943 en·

107 993 270 1060 ‚tremum
294 985 382 1052 heila
405 984 517 1050 civilia
539 983 692 1052 ruebant.
748 981 817 1052 Sed
839 981 932 1048 Otho
954 1001 995 1046 ne
1017 981 1106 1066 volgi
1134 981 1204 1046 ler-

127 1089 254 1176 gitione
275 1088 505 1156 centurionum
528 1086 657 1154 animos
678 1091 863 1165 averteret,
885 1084 1002 1150 fiscum
1026 1105 1123 1150 suum
1146 1105 1205 1150 va·

128 1193 278 1258 cationes
302 1213 427 1258 annuae
448 1191 678 1256 exsolutorum
702 1190 877 1280 promisit,
898 1209 968 1254 rem
991 1185 1079 1252 haud
1103 1186 1204 1253 dubie

128 1296 246 1362 utilem
267 1303 302 1360 et
324 1317 344 1361 a
365 1295 461 1361 bonis
483 1301 601 1382 postea
623 1295 832 1383 principibus
855 1293 1081 1382 perpetuitate
1103 1289 1204 1358 disei-

129 1398 242 1486 piinae
260 1397 438 1468 firmatum.
479 1397 570 1464 Laco
590 1397 800 1486 praefectus,
823 1408 980 1484 tanquam
1003 1396 1038 1460 in
1058 1394 1203 1460 insulam

130 1507 368 1590 capereretur,
397 1501 440 1567 ab
465 1509 621 1584 evocato,
656 1523 753 1588 quern
787 1500 829 1566 ad
853 1498 986 1567 caedem
1016 1497 1088 1565 eius
1111 1499 1204 1566 Otho

129 1605 366 1696 praemiserat,
389 1605 585 1686 confoseue3
607 1605 642 1669 in
663 1601 870 1672 Marcianum
894 1602 1021 1670 Icelum
1043 1607 1139 1671 utin
1160 1606 1205 1671 li-

130 1712 263 1776 bertum
287 1709 400 1798 pelam
422 1707 703 1776 animadversum.

231 1814 288 1881 Η.
329 1811 455 1880 Exacto
477 1833 539 1902 per
560 1813 689 1879 scelera
711 1809 779 1888 die,
800 1809 1017 1878 novissimum
1041 1811 1204 1876 maiorum

129 1917 197 1983 iuit
217 1917 360 1986 laetitio.
407 1915 520 1984 Vocat
541 1929 693 1982 senatum
720 1921 856 2004 praetor
877 1913 1047 1998 urbanus}
1074 1921 1207 1982 certant

130 2019 380 2088 adulationibus
401 2021 505 2087 ceteri
528 2019 764 2104 magistratum
792 2025 972 2086 occurrunt
993 2025 1125 2107 patres3
1147 2018 1206 2084 de-

128 2125 281 2192 cernitur
304 2123 432 2191 Othoui
459 2122 639 2192 tribunicia
668 2128 820 2209 potestas
847 2129 883 2189 et
912 2143 1030 2188 nomeu
1052 2121 1206 2208 Augusti

129 2237 166 2296 et
187 2249 301 2296 omnes
324 2228 510 2318 principum
534 2227 695 2308 honores,
725 2224 953 2291 annitentibus
975 2227 1104 2292 cunetis
1126 2226 1207 2294 ebo-

130 2332 203 2397 lere
225 2331 373 2398 convicia
402 2352 440 2397 ec
462 2331 606 2422 probra,
640 2350 726 2417 quae
747 2330 913 2418 promisce
937 2329 1026 2396 iacta
1054 2329 1206 2396 haesisse

135 2433 339 2499 animosius
362 2455 457 2500 nemo
479 2435 595 2502 eeneit.
629 2433 802 2500 omisisset
821 2432 964 2500 offensae
988 2453 1030 2498 au
1052 2429 1207 2499 distulis-

131 2543 205 2618 eet,
234 2535 400 2602 brevitate
422 2537 554 2626 imperii
581 2541 615 2605 in
645 2539 773 2604 incerto
795 2535 872 2606 teir.
926 2535 1019 2603 Otho
1026 2579 1039 2615 ,
1067 2543 1206 2602 cruento

202 2727 234 2780 c.
253 2725 298 2782 47.
340 2727 481 2780 oneraret
501 2729 624 2798 effernace
647 2731 708 2782 edd
732 2733 770 2783 st
786 2732 842 2782 Mo.
866 2729 999 2782 omisisse
1021 2729 1075 2780 out
1097 2728 1206 2794 femor.

166 2797 315 2920 §palpieorr
339 2799 488 2852 vestrimet
509 2803 607 2854 emeat
628 2800 762 2868 efferrens.
801 2801 967 2851 ituenuuue:
1002 2798 1048 2850 tot
1072 2795 1206 2864 offensos.

229 2883 258 2922 n.

182 3021 221 3074 od
232 3023 417 3084 ectremrun]
438 3023 476 3073 ut
487 3023 556 3088 Agr.
571 3023 615 3076 28.
692 3023 815 3087 ticipium
829 3019 1002 3085 deportarer
1020 3019 1067 3070 vei
1084 3020 1206 3072 wectus

183 3093 261 3159 ooipt
281 3094 456 3157 turpittone]
485 3093 648 3158 Largitioue
691 3094 784 3148 emisit
815 3089 942 3156 i'eoitue,
983 3089 1055 3139 eatis
1086 3089 1207 3140 dilucide

132 3159 162 3210 in
176 3162 278 3226 ruigue
292 3163 339 3211 vei
353 3163 498 3226 gregarios
510 3165 623 3214 coliate.
691 3161 844 3228 significari
857 3162 937 3212 retus
950 3161 1036 3211 verbo
1047 3159 1208 3224 praemise-

182 3231 563 3294 perpetuttotedieeipttaoe]
576 3235 647 3282 sen·
690 3234 749 3284 rat.
782 3231 875 3282 Deru.

132 3310 182 3348 eue
202 3303 261 3350 eet:
279 3302 356 3361 Quod
370 3303 441 3353 (itio
460 3301 579 3364 tempori
596 3303 647 3352 ob·
740 3299 894 3359 tttertum]
910 3297 1057 3376 Erpeetius
1074 3297 1208 3361 pueoehut

131 3369 228 3418 edisne
240 3369 271 3420 in
283 3373 394 3433 tempus
406 3373 435 3420 et
447 3373 574 3433 quamdiu
587 3371 648 3432 ipse
689 3368 862 3421 &motinense

132 3438 283 3500 imperaret
313 3439 490 3506 instituerat,
525 3442 554 3491 id
584 3441 648 3490 iuni
742 3435 825 3490 (247.
840 3434 1206 3502 praetororoaoouuter-

132 3507 290 3572 principes,
315 3508 527 3576 Vespasianus,
559 3511 647 3574 i‘itue,
691 3519 744 3570 que
757 3509 828 3558 enim
841 3507 938 3557 consul
950 3517 1049 3556 caesus
1063 3507 1135 3558 erut.
1153 3509 1207 3557 at-

132 3575 245 3642 Nerva,
274 3577 411 3627 'ireiunue
435 3583 578 3642 perpetuu
601 3579 647 3630 di-
691 3590 743 3640 que
751 3578 803 3628 teii
816 3587 884 3628 coen
897 3577 946 3626 sut
954 3575 1076 3638 alioquin
1090 3575 1148 3625 iliis
1156 3579 1206 3626 on-

133 3644 269 3708 septenae
290 3645 429 3698 muueris
456 3648 518 3714 iepe
541 3659 646 3700 eenxe-
690 3648 814 3697 sentinus
828 3647 873 3696 ius
886 3645 1007 3696 vocandi
1015 3647 1129 3694 senatus
1138 3658 1206 3706 per-

134 3714 209 3764 runt.
693 3716 799 3766 ductet
826 3717 862 3766 ad
884 3717 1042 3778 praetorem
1065 3715 1207 3764 urbanum.

185 3782 566 3846 ammaonaeepooeretor]
579 3785 650 3835 Sen-
694 3785 752 3839 Cic.
765 3788 843 3837 iiam.
860 3785 898 3849 X,
912 3785 955 3834 12.
996 3783 1110 3835 Placuit
1127 3784 1207 3834 acite

134 3863 184 3899 eus
199 3851 257 3900 eet:
279 3851 356 3900 Laco
375 3853 505 3913 mironem
524 3853 552 3902 in
571 3854 649 3904 insu·
692 3855 728 3905 ut
745 3856 847 3908 statim
858 3855 896 3906 od
910 3853 1070 3905 Cornutum
1088 3856 1207 3914 proeco-

133 3921 190 3969 iem
205 3921 394 3987 reponeretur,
412 3921 651 3984 Romnaeporta-
693 3935 757 3976 rem
773 3925 915 3976 ortonam
932 3923 1050 3974 litteras
1070 3921 1207 3988 deferre·

131 3993 182 4040 tur
196 3989 258 4052 eat,
281 3987 330 4038 eod
349 3989 378 4039 in
400 3988 501 4039 itinere
521 3993 567 4040 vei
587 3993 649 4042 duur
693 4005 774 4061 mue,
799 3993 863 4058 qui,
897 3991 973 4058 quod
992 3992 1121 4041 consum
1141 3993 1208 4044 aoe-

133 4069 234 4108 nevem
248 4059 418 4124 conscendit,
436 4061 471 4108 aio
484 4063 599 4112 evocato
614 4064 650 4112 ud
693 4065 779 4128 root,
797 4063 948 4114 emulare
964 4072 1068 4112 munos
1081 4061 1208 4114 mune·

135 4131 187 4180 troc
201 4128 353 4193 preenieao
366 4129 521 4181 eoutoeeue.
540 4131 572 4182 id
581 4143 649 4194 par·
694 4133 742 4185 tat
757 4143 838 4185 more
851 4131 1001 4184 maurone
1035 4129 1139 4183 Saura.
