2874 4802
243 245 311 314 2⁰⁰
546 242 967 315 uts'rouluuttot

198 415 445 484 oe.elemootius
469 415 658 501 adirentur3
686 421 787 488 aesini
816 419 946 507 aquilas
974 417 1133 504 signaque
1158 425 1194 483 et
1222 417 1335 506 quie-

244 518 327 608 quid
347 518 501 588 Veronae
530 523 673 588 militum
699 525 806 602 forat,
833 519 1028 609 Padumque
1056 530 1203 586 otmaro
1225 537 1331 590 eom·
1353 541 1360 550 ·

246 623 410 690 meatibus
442 628 614 714 compleri.
668 623 775 691 Erant
800 624 891 692 inter
922 623 1024 690 dunas
1055 621 1113 710 qui
1143 633 1331 692 neoterent

246 747 375 793 morea:
411 721 535 818 quippe
566 728 687 795 nimius
719 728 785 794 iam
813 727 1003 807 Antonius,
1038 735 1073 791 ot
1100 729 1245 794 oertiora
1278 751 1330 795 ex

120 825 123 832 ’
245 828 400 896 Muciano
428 833 662 920 sperabantur.
719 830 873 916 Namque
905 828 1082 896 Munianus
1116 839 1183 896 tam
1211 833 1328 899 celeri

246 935 384 1000 viatoria
407 935 542 1014 anxius,
571 942 615 1000 at*
636 935 672 1000 ui
702 955 859 1022 praeseus
881 933 964 1000 urbe
986 932 1170 1022 potiretur,
1199 957 1329 1026 exper-
1408 941 1409 954 ¹

246 1046 313 1102 tom
337 1059 375 1103 se
402 1039 483 1105 belli
513 1041 704 1127 gloriaeque
733 1047 846 1119 ratus,
879 1035 922 1103 etl
945 1033 1095 1103 Primum
1125 1045 1160 1102 et
1185 1035 1326 1106 Varum

246 1137 355 1206 media
384 1143 619 1231 scriptitabat,
646 1141 836 1208 instantium
859 1137 990 1228 eoeptls
1011 1147 1071 1204 aut
1092 1160 1210 1206 narsus
1237 1165 1328 1210 eun·
1408 1177 1409 1180 ¹

206 1305 208 1309 ,
246 1244 360 1310 otandi
380 1245 546 1312 utilitates
569 1245 775 1326 edisserens,
804 1253 905 1332 etque
926 1243 972 1308 ita
991 1242 1196 1330 nompositus
1217 1255 1259 1311 ut
1279 1269 1327 1313 ex
1408 1317 1409 1324 χ

246 1354 366 1414 eventu
390 1369 501 1414 rerum
525 1346 664 1415 advorsa
697 1346 857 1413 abnueret
886 1345 938 1411 vel
967 1367 1129 1435 prospera
1160 1367 1328 1432 agnoeta-
1408 1339 1409 1380 ³

247 1459 313 1518 rot.
357 1448 506 1518 Plotium
529 1451 694 1540 Gripbum
723 1469 830 1539 nuper
853 1471 872 1513 a
894 1447 1106 1536 Vespasiano
1129 1449 1163 1514 iu
1185 1459 1328 1518 senato-
1408 1503 1409 1522 t

247 1553 333 1618 rium
355 1553 502 1620 ordinem
531 1553 679 1621 additum
704 1575 741 1622 ae
762 1552 887 1637 legioni
915 1551 1141 1638 praepositum
1172 1559 1327 1620 eeteros-
1408 1553 1409 1636 ff

247 1656 400 1741 quesibi
429 1657 514 1723 lidos
537 1657 689 1744 apertius
719 1657 863 1738 monuit3
895 1653 986 1742 iique
1013 1677 1127 1722 omues
1155 1654 1195 1722 de
1223 1658 1326 1724 festi·
1408 1649 1409 1696 Ὗ

247 1759 383 1823 untione
401 1757 507 1826 Primi
535 1782 572 1825 ae
594 1757 681 1826 Vari
701 1759 841 1826 'sinistre
866 1763 902 1824 et
924 1757 1078 1824 Muniauo
1100 1760 1245 1826 volentia
1268 1783 1326 1828 re-

247 1863 425 1948 soripsere.
480 1863 603 1950 quibus
631 1861 786 1950 epistolis
818 1857 1028 1948 Vespasiano
1060 1863 1173 1929 missis
1202 1863 1325 1930 elisee-

249 1973 323 2044 rat,
347 1973 386 2029 ut
408 1975 470 2031 n'ou
489 1973 555 2055 'pro
576 1986 636 2052 epe
659 1963 804 2032 Antonii
827 1963 967 2030 oonsilio
990 1964 1146 2053 laetaque
1168 1966 1241 2032 eins
1264 1989 1323 2034 ao-

248 2068 477 2136 atimarentur.
522 2070 578 2138 53.
599 2069 714 2154 Aegre
736 2065 773 2134 id
793 2068 865 2154 peti
883 2067 1054 2134 Antonius
1076 2075 1112 2134 ot
1132 2071 1263 2158 eulpam
1284 2073 1321 2138 iu

248 2169 438 2236 Mucianum
472 2171 640 2252 conferre,
674 2169 769 2234 onius
798 2168 1084 2238 oriminotionibus
1119 2174 1322 2241 eviluissent

249 2273 398 2362 pericula
421 2295 494 2340 saa.
544 2295 605 2340 noo
633 2271 841 2340 sermonibus
869 2273 1094 2362 temporabat,
1122 2275 1320 2343 immotlinus

248 2375 363 2461 lingua
391 2387 427 2442 et
451 2378 601 2465 obsequii
629 2377 788 2444 insoleus.
844 2374 979 2442 litteras
1011 2375 1053 2442 ed
1073 2375 1319 2466 Vespasianum

249 2483 438 2568 composuit
464 2481 645 2547 instantius
667 2499 765 2566 quam
792 2475 835 2543 ad
863 2479 1065 2566 prinoipem,
1092 2501 1151 2545 nee
1172 2483 1244 2546 siue
1265 2503 1323 2547 oe-

249 2583 340 2649 oulta
366 2585 400 2652 in
423 2581 611 2650 bisinianum
637 2579 867 2650 intentatione.
910 2579 955 2648 Sa
982 2576 1190 2650 Pannonicae
1215 2583 1321 2670 legio-

250 2709 310 2752 nes
337 2687 371 2751 in
396 2707 486 2752 arma
509 2688 638 2772 egisse,
669 2687 741 2752 suis
766 2683 913 2751 stimulis
938 2684 1064 2750 exoitos
1089 2685 1238 2754 bloesiae
1260 2687 1321 2754 du-

249 2811 324 2870 oes,
353 2811 415 2855 sua
443 2792 631 2856 constantia
662 2795 841 2878 perruptas
869 2787 1000 2872 Alpes,
1034 2799 1227 2878 oeeupatam
1252 2789 1320 2858 lta-

249 2893 347 2969 liam,
393 2893 579 2981 intersepta
613 2893 855 2960 Garmauorum
893 2889 1142 2979 Raetorumque
1185 2896 1320 2962 auxilia.
1408 2879 1409 2896 ³

228 2993 340 3084 ‘quod
368 2993 540 3062 dissordes
568 2993 806 3082 dispersasque
836 2991 977 3060 vioautt·
997 2995 1146 3079 legiones
1173 2998 1321 3085 equestri

318 3186 349 3239 c.
367 3185 411 3238 52.
444 3182 605 3251 potiretur]
629 3187 768 3238 Constans
788 3199 855 3238 usus
880 3188 1002 3250 postulat
1022 3191 1188 3254 poteretur.
1231 3192 1321 3242 nense

284 3257 314 3307 ln
330 3255 435 3320 Reisig.
455 3257 566 3306 Vortos.
585 3269 613 3317 p.
629 3257 691 3306 ²51.

284 3367 358 3476 ἰειιι
378 3355 484 3408 euentu
501 3355 560 3404 oud.
581 3355 618 3406 At
637 3357 691 3405 nra.
709 3366 747 3406 aa
764 3355 870 3420 asaro,
893 3355 923 3406 ut
945 3354 1057 3440 saepius
1073 3356 1175 3409 aratra
1192 3369 1242 3420 pro
1258 3371 1321 3410 eoe-

318 3437 359 3476 re.

303 3577 333 3631 (l.
348 3577 391 3630 52.
425 3572 575 3641 certiore]
595 3575 661 3625 snit.
684 3589 767 3639 prae·
861 3573 965 3641 menta]
981 3575 1047 3626 Slva
1061 3581 1235 3643 ambigerent
1248 3581 1320 3632 c.78.

240 3649 316 3700 mie.
334 3651 439 3698 Sensus
455 3649 514 3696 aet:
528 3645 639 3694 Duabus
653 3648 685 3696 da
699 3659 767 3696 oeu-
862 3645 1001 3704 onmem]
1014 3647 1130 3698 Pession
1144 3651 1319 3712 attumxv,

253 3722 295 3768 ate
309 3719 392 3769 eluces
414 3728 507 3767 mores
527 3718 690 3777 uectouant,
708 3717 767 3777 pri·
812 3716 852 3764 36λ
873 3716 940 3764 solt.
962 3715 1008 3764 Fr.
1030 3718 1159 3768 Volcatio
1179 3721 1252 3782 stabi
1273 3723 1320 3786 sn-

253 3801 323 3838 mom
354 3788 425 3848 quod
458 3785 568 3834 Antonii
605 3785 767 3846 impotentia
808 3787 921 3835 elusus.

254 3857 366 3922 gravari
399 3857 567 3917 coeperant,
607 3855 705 3906 deinde
735 3858 767 3904 ut
862 3852 893 3903 c.
912 3854 954 3902 53.
994 3851 1168 3916 intersepta]
1200 3857 1265 3906 Nam
1287 3859 1319 3908 ab

255 3928 380 3976 ntuetauo
411 3922 651 3988 gratificareetur,
689 3936 767 3984 quem
811 3921 930 3972 Autome
967 3920 1139 3973 interiectus
1175 3927 1321 3978 emersuros

251 3999 315 4057 ptus
342 3994 413 4056 apuu
445 3992 594 4054 principem
624 3993 715 4056 grutla
740 3995 768 4043 et
811 4003 865 4053 per
896 3992 1029 4042 mattam
1058 3992 1201 4059 tottesque
1230 3995 1318 4060 Alpes.

250 4065 419 4116 auctoritate
441 4060 547 4123 pollere
567 4061 699 4113 sciebant.
813 4061 876 4108 viu.
892 4073 914 4110 e.
929 4059 953 4110 8.
1087 4127 1091 4134 Ι
