2874 4802
279 289 342 354 rec
597 281 1022 356 tttsronlattuu

233 481 268 526 oe
283 459 384 526 classi
405 479 536 546 quoque
569 453 658 525 iaces
685 459 817 542 intulit,
851 481 953 528 vacuo
983 456 1066 523 mari
1090 455 1247 534 eludens,
1275 457 1367 543 quia

285 560 486 630 lectissimas
510 561 764 628 Liburnicarum
794 583 988 648 omnemque
1012 560 1152 626 militem
1175 559 1365 625 Mucianus

286 665 484 754 Byzantium
505 663 677 750 adegerat.
728 667 818 752 Quin
840 674 875 732 st
898 663 1034 730 barbari
1059 663 1273 751 contemptim
1300 685 1364 729 va-

286 771 468 854 gabantur,
496 769 669 833 fabricatis
692 779 829 858 repente
852 767 1002 835 navibus.
1053 789 1203 832 camaras
1227 774 1367 844 vocant,

257 912 263 923 =
287 875 371 941 artis
393 871 556 938 lateribus
579 873 680 936 latam
705 873 823 948 alvom,
843 871 916 935 sine
932 871 1063 936 vinculo
1081 873 1170 938 acris
1193 877 1252 935 ant
1272 869 1365 934 ferri

287 999 483 1057 connexam3
523 983 558 1039 et
595 973 721 1040 tumide
753 975 855 1052 mari,
889 979 989 1062 prout
1021 974 1143 1041 fluctus
1174 975 1362 1055 attollitur,

288 1105 416 1149 summa
440 1080 570 1144 navium
601 1079 726 1144 tabulis
749 1085 887 1160 augent,
918 1075 1022 1142 donec
1050 1081 1085 1143 io
1113 1077 1244 1144 medum
1274 1080 1363 1142 terti

287 1181 497 1253 claudantur.
540 1181 589 1246 sic
619 1183 706 1246 inter
732 1179 839 1244 undas
870 1179 1064 1260 volvuntur,
1094 1182 1168 1267 pari
1198 1181 1363 1266 utrinque

287 1310 389 1378 prora
412 1293 447 1352 ot
477 1282 630 1350 mutabili
653 1267 811 1366 remi'gio,
844 1281 975 1370 quando
1003 1285 1079 1350 bine
1102 1285 1154 1350 vel
1182 1285 1274 1350 illine
1300 1307 1363 1370 ap-

247 1440 250 1462 .
289 1393 416 1482 pollere
437 1385 653 1454 indiscretum
680 1395 714 1452 et
743 1387 910 1451 innoxium
934 1395 1002 1454 cst.
1049 1389 1103 1458 ⁴8.
1132 1385 1305 1454 Advertit
1320 1410 1362 1452 sa

289 1518 344 1561 res
365 1489 566 1580 Vespasiani
586 1491 747 1566 animum,
772 1497 811 1554 nt
831 1489 1025 1555 vexillarios
1047 1513 1065 1555 e
1086 1491 1273 1576 legionibus
1297 1489 1361 1555 du·

289 1617 426 1684 cemque
447 1591 604 1658 Virdium
629 1591 821 1672 Geminum,
847 1601 1019 1681 spectatae
1047 1592 1205 1674 militiae,
1232 1593 1362 1680 delige-

292 1709 354 1764 ret.
397 1697 455 1762 illa
483 1695 735 1782 incompositum
761 1703 796 1760 et
819 1694 962 1784 praedae
983 1693 1139 1783 cupidine
1161 1719 1277 1783 vagum
1302 1699 1364 1764 bo-

290 1811 376 1867 stem
400 1797 539 1864 adortus
560 1799 668 1880 coegit
688 1797 722 1862 in
745 1821 860 1880 naves3
880 1799 1074 1883 effectisque
1097 1801 1217 1887 raptim
1237 1799 1363 1865 Libur-

293 1903 376 1970 nicis
399 1901 590 1988 assequitur
615 1901 793 1966 Anicetum
816 1903 851 1968 in
873 1903 961 1968 ostio
983 1902 1127 1967 fluminis
1150 1902 1280 1982 ochibi,
1308 1915 1363 1970 tu-

293 2015 363 2072 tum
399 2003 462 2069 sub
493 2001 756 2069 Sedochezorum
792 2005 881 2088 ragis
913 2005 1053 2086 auxilio,
1087 2027 1184 2092 quern
1221 2010 1362 2094 pecnnia

361 2180 627 2244 martanorum,
651 2180 679 2230 id
694 2183 749 2247 ast,
772 2181 889 2232 navibus
912 2180 950 2232 ibi
969 2183 998 2232 in
1015 2185 1096 2244 portu
1113 2181 1175 2250 siaa
1189 2183 1275 2234 milita
1292 2185 1362 2234 roti-

330 2251 382 2302 ctts
400 2261 417 2300 e
434 2250 576 2312 Muciano,
604 2250 666 2298 dure
683 2250 852 2302 tectbstrnoa
875 2251 980 2301 tantam
1005 2249 1223 2304 ldturntcorurn
1246 2255 1362 2314 Byzan-

297 2391 519 2452 trensegncaem
544 2387 691 2436 remedium
714 2390 805 2438 umen
847 2387 921 2436 Suet.
942 2387 974 2435 N.
994 2383 1036 2436 34.
1078 2388 1229 2440 solutilem
1246 2403 1362 2445 mareon.

296 2473 331 2506 ex
350 2455 474 2519 periculo
496 2456 617 2516 petitum.
657 2456 725 2504 Nem
744 2457 805 2520 quta
847 2455 928 2505 muna
941 2457 987 2505 est
999 2455 1156 2522 naufragio
1170 2459 1362 2510 ostermarus

297 2528 498 2587 'trapezuntem
518 2519 600 2574 tando
614 2525 720 2586 accepit
734 2525 805 2574 ctri—
849 2525 936 2575 rauna
953 2524 1084 2587 pereat.
1114 2531 1288 2578 commeatus
1307 2533 1365 2590 est,

298 2599 355 2646 teta
370 2597 494 2646 muana
512 2594 599 2644 tuisse
615 2595 741 2644 decretam
758 2596 807 2644 aut
848 2606 930 2656 quarn
950 2596 1057 2646 tectam
1082 2597 1165 2646 vocat
1195 2597 1258 2646 'l'ao
1288 2603 1360 2648 narr.

298 2663 370 2716 tenti
388 2662 513 2712 beneticit
534 2673 644 2712 causam
662 2657 806 2714 inveniat?
848 2663 928 2728 XIV,
942 2659 967 2717 5.

300 2731 412 2784 intortas
440 2730 556 2780 similem
583 2731 703 2782 eiusdem
732 2733 809 2782 urbis
905 2727 1202 2796 arro-ranarum]
1217 2735 1363 2795 appositio

298 2815 391 2854 casum
408 2811 606 2863 memoramus,
624 2813 703 2862 qoam
724 2801 808 2851 zosi—
852 2801 897 2850 est
918 2798 1072 2848 accusattrt
1091 2811 1230 2850 conum.
1262 2807 1319 2852 Aut
1336 2805 1362 2852 st

299 2885 358 2922 murs
372 2870 396 2936 1,
410 2874 454 2921 3³.
470 2870 563 2920 tradit.
598 2870 705 2920 Benna.
852 2867 1002 2932 singularis
1020 2867 1164 2918 unanrtont
1185 2869 1238 2932 att,
1257 2869 1365 2922 totm-

351 2961 483 3020 epuam]
496 2963 530 3012 fl·
546 2975 570 3010 ο,
583 2963 720 3028 endem,
738 2963 808 3012 effu,
852 2941 896 2990 tes
911 2935 1087 2999 supplendum
1099 2935 1153 2986 crit
1167 2939 1196 2987 ut
1209 2952 1233 2988 c.
1246 2941 1287 2988 33.
1305 2943 1363 2992 Fa·

299 3031 392 3095 girans,
411 3031 488 3079 rrutta
508 3029 702 3083 tuttnrattcnta
720 3029 809 3095 stgnt.
852 3019 899 3060 σεε
914 3005 945 3056 trs
959 3006 1094 3056 mamus,

301 3099 436 3150 amnone.
458 3099 521 3150 vra
536 3101 563 3148 ra
578 3105 648 3149 nnn.
666 3101 701 3165 n,
717 3101 759 3150 aa.
900 3074 969 3138 para
983 3107 1006 3124 ··
1023 3069 1154 3140 rescisis]
1170 3075 1206 3124 Ut
1219 3077 1364 3137 aurosus-

853 3155 936 3206 enas,
954 3144 1045 3193 Germ.
1059 3140 1103 3199 44.
1118 3145 1184 3192 coit.
1199 3149 1268 3196 Arrn.
1284 3147 1322 3208 ll,
1337 3149 1365 3196 o.

350 3198 534 3261 canteranum
568 3199 627 3250 edd.
655 3203 679 3248 ir.
705 3213 731 3250 e.
762 3215 811 3265 pot·
904 3209 992 3262 (ΗΒ.
1013 3211 1365 3280 connumerandus,

301 3269 481 3346 contemtum
502 3269 702 3350 aomanorum,
730 3271 761 3320 ut
787 3285 810 3320 e.
852 3281 879 3336 4.
894 3279 968 3332 cene
981 3283 1065 3332 caue
1081 3281 1209 3346 anusque
1226 3282 1365 3332 rusure-

302 3335 540 3398 58.e1v.vtt‚7.
565 3338 703 3388 Herarcos
716 3342 811 3390 nrorts
852 3349 938 3414 rutupi
955 3349 1042 3410 dicti,
1060 3351 1089 3400 st
1107 3351 1206 3401 Saone
1241 3353 1365 3404 Ftunren

301 3403 423 3454 crauuttr
447 3405 631 3467 contemptim
655 3407 694 3458 od
711 3411 812 3460 rastra
854 3419 955 3470 conum
981 3431 996 3468 ρ
1022 3418 1149 3470 caucaso
1173 3433 1228 3482 per
1251 3423 1367 3472 Suanos

304 3475 434 3524 Romanu
455 3475 645 3528 succedentes.
681 3479 718 3527 nt
736 3479 810 3529 tiss.
853 3490 953 3554 pacm,
985 3489 1085 3550 Nempe
1105 3489 1214 3538 nomena
1233 3489 1368 3542 cossam„

302 3541 465 3605 0⁰²¹²⁶²¹¹t²⁸b
855 3557 996 3610 ereetum
1016 3569 1069 3606 non
1090 3555 1245 3606 dtverstora
1264 3559 1365 3609 viden-

352 3623 505 3694 comores]
529 3627 591 3676 Vid.
613 3627 684 3682 Geli.
705 3629 746 3686 X,
767 3629 809 3686 25.
853 3630 900 3677 tnr
916 3637 996 3688 quam
1010 3626 1119 3676 rrtbitot
1132 3629 1188 3684 nit.
1211 3627 1323 3676 t'olnttr
1336 3635 1366 3680 at

305 3697 403 3746 strabo
418 3695 467 3746 Xl.
489 3709 515 3758 p.
530 3693 590 3754 495,
608 3697 636 3746 in
652 3698 810 3748 describen-
856 3695 940 3747 t’ottc.
957 3725 991 3734 -
1026 3693 1266 3754 Sedochezorum]
1286 3701 1367 3758 Apud

304 3767 339 3814 rta
352 3767 512 3827 Bosporano
527 3774 591 3816 ora:
609 3759 711 3815 ἀκάτια
725 3763 811 3830 ἔχουσι
852 3767 951 3815 Metam
977 3765 999 3828 t,
1020 3765 1061 3812 te.
1084 3775 1161 3825 quera
1183 3777 1277 3814 omnes
1302 3769 1364 3816 tan-

302 3830 405 3890 λεπτά,
433 3831 513 3884 casroi
539 3837 584 3884 rat
611 3830 717 3900 κοῦφα,
748 3829 811 3885 b'oor
853 3835 935 3892 derit,
952 3845 1006 3882 non
1023 3838 1258 3884 commemoratur.

300 3895 464 3966 ἀνθρώπους
485 3898 565 3953 πέντε
588 3906 634 3952 sat
662 3901 746 3952 εἴκοσι
766 3897 810 3952 da·
903 3905 997 3953 tutum
1017 3903 1067 3951 aut
1088 3939 1118 3950 ..
1140 3905 1271 3962 araudto]
1291 3905 1368 3954 Cea-

295 3964 414 4086 pdpaaa·
434 3965 546 4021 saloim
561 3965 589 4020 di
609 3965 678 4020 edroi
700 3964 806 4020 or‘“El-
852 3973 929 4022 lucro
963 3972 1032 4021 duaa
1063 3975 1234 4021 structurae:
1269 3979 1369 4025 tutum

314 4053 372 4098 quer
390 4034 524 4104 καμάρας.
557 4041 660 4089 Nomen
684 4041 735 4090 toti
756 4053 807 4090 na-
852 4039 902 4089 sub
923 4051 1006 4106 repe,
1023 4051 1072 4108 ac,
1092 4043 1188 4093 tratum
1211 4042 1290 4106 repis
1312 4059 1368 4094 un-

297 4105 406 4166 rtgtoa
431 4111 510 4168 parta
532 4121 652 4174 somma,
675 4110 806 4160 tabutata.
852 4109 932 4161 attio.
