2854 4798
437 227 612 364 ultast
655 285 911 361 cana-a
983 227 988 236 ¹
1084 275 1086 278 ’
1153 278 1218 363 -sr'

133 457 289 549 pnbiieae
318 455 380 530 ant
406 470 519 547 emax,
555 464 640 554 ipsis
668 463 877 554 prineipibue
914 481 1110 553 prosperum
1144 471 1252 538 antae.

131 564 236 630 exitia
264 563 342 634 tuit.
397 565 501 634 Titus
522 567 753 656 Vespasianus
777 588 797 632 a
817 564 943 634 Iudaea
964 567 1123 634 ineolumi
1145 566 1206 634 ad-

130 665 196 732 bua
219 667 328 734 Galba
353 668 476 738 missus
500 694 518 737 a
543 684 640 760 patre
662 693 795 738 oausam
820 668 1034 756 profectionis
1058 670 1205 740 offitium

130 789 212 854 erpa
237 771 417 861 prinoipem
446 779 482 839 et
505 782 668 841 maturam
697 769 852 862 petendis
883 773 1063 850 bonoribus
1091 774 1208 842 iuven.

129 880 199 940 tam
229 873 370 941 ferebat.
397 865 484 941 ·sed
513 876 631 962 volpes
660 874 805 960 tingendi
836 873 968 965 aeidum
997 874 1215 966 disperserat·

128 973 272 1043 auaitum
295 977 330 1042 in
353 975 577 1066 adaptionem.
620 980 761 1043 materia
786 976 995 1043 sermonibus
1020 981 1146 1048 senium
1168 989 1203 1050 et

127 1077 257 1145 orbitas
280 1079 441 1168 prineipis
463 1089 499 1148 et
520 1079 774 1170 intemperentia
794 1079 964 1157 eivitatis,
988 1071 1092 1150 donea
1115 1107 1201 1154 unus

127 1181 290 1266 eligatur,
326 1183 449 1250 multos
484 1181 686 1252 destinandi.
745 1179 907 1269 Augebat
943 1183 1075 1254 iamam.
1092 1185 1201 1275 ipsius

126 1282 204 1374 Titi
236 1285 401 1370 ingenium
437 1293 713 1373 quantaeaueqne
748 1283 904 1352 fortunae?
938 1307 1062 1375 rapax,
1098 1288 1202 1364 denar

126 1387 198 1454 oris
219 1408 292 1454 eum
316 1386 458 1476 quadam
483 1374 676 1470 maiestates
703 1407 886 1478 prosperae
907 1385 1112 1478 Vespasiani
1132 1414 1199 1475 ree,

127 1511 493 1578 praesage-resparsa,
521 1496 556 1555 et
580 1491 749 1556 inelinatie
779 1487 822 1558 ed
850 1489 1048 1559 eredendum
1078 1493 1199 1562 animis

123 1595 199 1660 loeo
223 1595 367 1684 ominum
385 1595 484 1684 etiam
504 1591 657 1660 fortuita.
689 1589 759 1658 Ubi
771 1589 927 1661 Corinthi
940 1593 1092 1663 Achaiae
1114 1596 1197 1664 urbe

124 1703 237 1764 eertos
263 1697 398 1764 nuntios
429 1696 558 1786 aceepit
587 1693 629 1762 de
656 1695 797 1779 interitu
820 1696 967 1780 Galbae,
996 1705 1032 1764 et
1058 1696 1198 1767 aderant

124 1799 184 1887 qui
206 1821 298 1866 erma
318 1799 452 1868 Vitellii
471 1799 659 1886 bellumque
682 1797 905 1882 affirmarent,
934 1801 1053 1874 umus
1075 1803 1196 1884 anime,

123 1903 243 1990 paneis
266 1903 445 1971 aminarum
469 1901 649 1981 adhibitis,
676 1909 794 1984 anneta
818 1905 975 1992 utrinque
996 1905 1195 1994 perlustrat.
1240 1943 1246 1956 ·

122 2005 154 2074 ei
172 2013 327 2095 pergeret
347 2006 382 2074 in
400 2007 537 2082 urbem,
557 2005 683 2070 nouam
707 2001 810 2071 ofiieii
831 2007 972 2091 gratiam
994 2007 1029 2074 in
1052 2007 1193 2078 alterius

120 2109 277 2176 bonorem
301 2109 469 2198 suseepti,
500 2131 538 2174 aa
562 2129 600 2174 se
620 2103 761 2174 Vitellio
789 2109 860 2176 aive
882 2107 1010 2176 Othoni
1041 2109 1192 2180 absidem

120 2215 204 2281 iore.
245 2212 298 2279 sin
319 2211 464 2293 rediret,
478 2198 650 2280 'offensam
672 2207 762 2276 baud
789 2209 923 2278 dubiam
943 2212 1113 2308 viatoris„
1129 2215 1214 2283 sad-

121 2317 249 2383 inearta
273 2311 381 2384 adbue
402 2314 541 2382 viatoria
563 2321 599 2380 et
620 2312 817 2382 noneedente
839 2314 873 2382 in
895 2321 1008 2404 pertas
1032 2322 1129 2404 patre
1150 2317 1191 2383 ii-

118 2417 201 2488 lium
223 2424 427 2486 auersatum.
469 2417 523 2482 sin
545 2414 777 2505 Vespasianus
798 2437 869 2480 rem
891 2415 1058 2504 publieam
1081 2419 1190 2485 sueri·
1278 2493 1282 2503 ¹

118 2529 231 2612 peret,
258 2515 517 2589 oblisiseendnm
539 2517 742 2586 'offensarum
774 2515 817 2583 de
846 2516 936 2584 belia
967 2518 1189 2616 agitantibus.

116 2629 152 2697 2.
178 2623 244 2692 His
266 2647 304 2690 ae
326 2621 451 2688 talibus
472 2621 561 2696 inter
581 2643 675 2709 spem
699 2627 887 2708 metumque
916 2619 1077 2690 iactatum
1106 2643 1186 2711 epae

117 2727 210 2796 rieit.
253 2723 362 2792 Fuere
384 2725 442 2812 qui
465 2745 635 2792 aooenenm
660 2723 827 2792 desideria
848 2723 1027 2792 Berenices
1051 2725 1196 2810 reginae„
1307 2748 1314 2760 ’

116 2830 261 2898 vertisse
287 2830 355 2896 iter
380 2826 567 2897 eraderent.
619 2847 727 2914 neque
755 2823 956 2894 abhorrebat
984 2849 1003 2894 a
1024 2825 1184 2895 Bereniae

183 2985 272 3038 decer
289 2985 350 3037 aris
366 2986 524 3038 Rhenanus.
558 2983 671 3038 neemia
688 2963 777 3034 mess
910 2968 913 2978 '
1021 2967 1024 2976 ’

183 3084 312 3152 tartetta
328 3085 468 3158 Grotius·
485 3086 523 3135 at
539 3085 616 3142 tiss.
632 3085 764 3152 {mauu

114 3223 307 3274 ateaamerte
321 3223 466 3286 deiunct03
485 3223 545 3274 Tite
558 3234 627 3274 eon·
667 3221 712 3270 tes
728 3215 845 3269 viatoris
863 3215 1005 3267 aenaeam.
1038 3217 1110 3270 liert.
1144 3221 1182 3272 At

114 3292 379 3344 traetDamitiana
400 3293 573 3359 exitiorum,
596 3293 627 3342 ut
668 3289 745 3340 MSS.
763 3287 927 3338 ettaoertca
985 3287 987 3296 '
1050 3319 1053 3326 ,
1180 3317 1182 3325 ·

114 3373 221 3412 veneno
234 3361 324 3410 velvi
338 3363 496 3424 peremptis.
719 3357 750 3408 c.
763 3359 789 3405 2.
822 3367 886 3419 apes
899 3351 1180 3420 nidt1fl.e.expe-

165 3429 291 3496 {erabatl
305 3431 338 3479 fl.
351 3443 376 3483 e.
390 3429 574 3492 prester-eost.
668 3425 753 3478 statie
765 3423 876 3486 inperii
889 3435 907 3473 a
918 3425 997 3486 patre
1003 3423 1180 3487 eripiendi.

165 3511 251 3551 amaa
265 3499 552 3564 vermandinse,
569 3497 626 3550 tei·
716 3489 888 3550 Bereaa'eea]
928 3493 992 3542 ituit
1022 3495 1091 3544 heae
1120 3495 1181 3547 iiiia

111 3569 225 3634 lampae
238 3567 300 3616 seii.
313 3567 382 3618 tare.
407 3569 482 3630 larga
494 3579 549 3617 non
562 3569 625 3617 tau-
666 3563 784 3614 Herodis
792 3559 941 3626 Agrippae,
956 3559 1117 3612 iudaeorum
1130 3577 1179 3613 re-

112 3639 218 3701 tologia
251 3647 468 3700 synonymorum
500 3637 624 3702 babetur,
667 3635 726 3697 gis,
751 3629 1179 3696 saeoragrippaeuiet.1i‚e7.

111 3706 241 3770 qnoniam
260 3705 330 3753 iiind
352 3705 393 3753 nii
413 3703 469 3753 nisi
489 3703 623 3755 detentio-
664 3700 816 3766 memorati,
837 3699 923 3760 nupta
935 3697 1050 3759 primum
1064 3699 1177 3762 Herodi,

111 3787 175 3824 nem
198 3775 366 3834 conatusque
392 3772 457 3821 belii
476 3769 623 3838 signifieat,
665 3767 803 3821 causina
820 3767 897 3832 regi,
913 3769 1014 3827 patruo
1030 3779 1096 3834 eno,
1113 3771 1178 3830 poet

112 3844 266 3894 herentem
279 3840 343 3890 oeiii
358 3840 571 3890 diuturnitatem.
599 3862 604 3871 ·
664 3837 820 3900 Polemoni,
850 3835 931 3886 Ponti
950 3834 1028 3900 regi,
1058 3835 1178 3900 insignia

162 3909 213 3960 aeri
229 3910 355 3969 incerta]
373 3910 477 3959 &usne
497 3909 556 3958 est:
574 3906 623 3958 seri
665 3909 827 3971 venustate,
843 3903 992 3968 praeeipuo
1011 3915 1105 3955 amare
1125 3918 1177 3954 ex-

110 3979 221 4030 uentem
234 3977 342 4040 sperari
360 3989 444 4040 paese
456 3989 491 4027 ex
504 3989 537 4027 eo
551 3975 623 4040 quet
664 3977 754 4038 petiae
767 3973 862 4040 atita,
880 3983 959 4035 quem
972 3975 1072 4034 pastea
1085 3973 1114 4022 in
1126 3985 1183 4023 arm

109 4043 139 4095 it
150 4047 254 4098 tantam
266 4047 305 4096 sit
317 4047 425 4098 ineerta
436 4047 523 4098 mian
532 4046 623 4096 riete-
665 4047 724 4096 aena
738 4047 782 4094 eet
793 4041 932 4094 asinitate.
949 4041 1025 4092 suet.
1040 4043 1071 4093 1.
1083 4041 1111 4094 7.
1125 4043 1177 4094 iiie

108 4115 171 4182 rte,
195 4115 398 4178 praeuertisset
416 4115 539 4178 pataria
554 4123 622 4177 per·
664 4111 767 4179 uvi,
780 4109 824 4163 15.
858 4109 973 4163 [mua.

143 4199 518 4267 recommemorata.
540 4199 570 4250 i.
584 4197 622 4251 li.
647 4197 679 4250 Ρ.
694 4197 718 4250 1.
985 4195 1009 4260 fi
