2854 4798
229 275 297 347 ras
420 215 424 222 ¹
573 271 977 366 ursrourna-uu

178 447 273 524 anob
295 452 437 527 matum,
456 443 788 518 Vitellius-Cluvium
809 395 909 514 nulla¹
925 444 1104 514 tormidine
1124 443 1307 516 retinebat.

228 549 310 620 Non
337 549 426 616 idam
452 549 625 620 Trebellio
657 552 803 620 Maximo
836 553 952 619 borne.
1004 550 1201 640 profugerat
1226 548 1309 615 Bri·

227 656 342 722 tannia
368 655 412 720 ob
440 652 645 722 iracundiam
678 657 841 754 rnilitum:
885 654 1010 720 missus
1039 661 1094 720 eet
1128 652 1164 719 in
1192 652 1308 736 lenum

228 761 302 828 eius
324 757 467 827 Vettius
486 755 638 824 Bolanus
659 781 678 824 e
698 757 947 850 praesentibus.

331 897 388 963 66.
420 890 593 976 ,Angebat
613 889 790 958 Vitellium
820 891 984 958 victarum
1012 887 1180 972 legionum
1201 885 1332 976 band-¹

230 1017 399 1085 quaquam
426 995 557 1060 iraetns
580 993 722 1064 animus.
773 992 922 1083 Sparsae
949 1013 1010 1080 per
1035 989 1171 1058 ltaliam
1194 999 1231 1056 st
1257 991 1308 1056 vi·

230 1098 381 1167 oloribus
403 1097 585 1186 permixtae
599 1097 737 1164 bestilia
751 1097 987 1184 loquebantur,
1009 1093 1188 1183 praecipua
1205 1113 1308 1179 quar-
1414 1147 1415 1150 ,

228 1199 522 1269 tadernmenorum
545 1200 686 1280 feraria,
708 1199 767 1287 qui
789 1221 826 1266 se
847 1199 955 1267 riolos
977 1195 1185 1264 abnuebant:
1206 1195 1308 1284 qnip-

228 1327 272 1394 pe
292 1303 511 1371 Bedriacensi
540 1297 611 1369 anie
634 1303 820 1373 vexillariis
849 1311 987 1370 tanturn·
1008 1301 1118 1390 pulsis
1140 1297 1228 1366 vires
1256 1301 1308 1365 le-

230 1408 339 1496 gionis
359 1429 424 1474 non
445 1405 594 1474 affuisse.
637 1405 767 1474 remitti
789 1427 847 1474 eos
869 1407 904 1472 in
925 1403 1152 1482 Britanniam,
1175 1399 1264 1467 uude
1286 1425 1312 1468 a,

229 1509 366 1580 Nerone
389 1509 491 1576 anniti
511 1516 625 1594 erant,
648 1511 795 1599 placuit,
813 1517 921 1598 atque
943 1507 1078 1573 iuterim
1101 1499 1308 1573 Balarorum

230 1615 382 1681 cobortes
408 1634 473 1677 una
500 1609 638 1678 tendere
667 1612 709 1676 ob
733 1621 875 1679 retorem
902 1609 1062 1678 adversus
1085 1607 1309 1696 quartadecu-

230 1713 581 1786 r'nanosdiseordiam.
630 1712 705 1781 Nee
727 1713 785 1779 din
807 1717 843 1780 in
864 1715 970 1782 tantis
992 1723 1195 1779 armatorum
1216 1709 1306 1778 odiis

91 1831 94 1838 ’
230 1820 327 1909 quiae
347 1819 427 1885 init.
469 1809 650 1903 Augustae
665 1815 905 1899 Taurinorum,
926 1817 1006 1884 dum
1027 1817 1178 1906 opificem
1200 1835 1306 1903 quen·

230 1921 307 1989 dam
331 1921 482 1990 Batavus
503 1929 542 1988 ut
562 1919 791 1988 fraudatorem
812 1920 1018 2001 insectatur,
1039 1919 1244 2008 legionarius
1268 1925 1308 1984 ut
1344 1903 1347 1910 ¹

202 2026 397 2115 ·lao'spitem
420 2031 554 2108 tuetur,
584 2023 640 2090 sni
669 2025 790 2111 ruique
812 2023 1057 2091 enmmilitones
1085 2023 1257 2111 aggregati
1285 2044 1306 2089 a

229 2126 388 2196 candelis
416 2126 459 2194 ad
479 2125 614 2195 eaedem
640 2128 817 2195 transiere.
874 2133 911 2192 et
939 2127 1101 2215 praelium
1132 2135 1229 2194 atrox
1251 2147 1307 2192 ar·

230 2233 352 2314 sisset,
375 2233 413 2298 ni
433 2229 518 2298 duas
537 2229 728 2320 praetoriae
749 2229 905 2296 cobortes
929 2249 1062 2296 eausam
1085 2215 1334 2315 quartadeou-'

230 2351 401 2402 manorum
422 2343 558 2402 seeutne
585 2335 639 2400 bis
666 2333 822 2400 fiduniaru
844 2339 880 2399 et
902 2339 1025 2398 metum
1047 2331 1186 2398 Batavis
1206 2332 1307 2398 ienis-

229 2447 316 2508 sent.
359 2437 454 2526 Quos
476 2437 641 2507 Vitellius
663 2437 787 2522 agmini
809 2457 871 2502 eno
894 2435 987 2520 iungi
1008 2441 1047 2501 ut
1067 2433 1173 2515 fidos,
1200 2436 1308 2519 legio-

231 2563 308 2610 nem
330 2543 446 2610 Graiis
467 2542 619 2630 Alpibus
639 2539 828 2606 tradnetarn
852 2559 891 2604 eo
913 2537 1000 2604 flexu
1029 2537 1163 2605 itineris
1185 2537 1237 2604 ire
1254 2538 1307 2603 iu-

230 2649 305 2729 bet,
332 2666 399 2734 quo
423 2643 586 2712 Viennam
608 2643 771 2710 vitarent:
802 2661 943 2728 namque
967 2648 1003 2706 et
1023 2638 1232 2710 Viennenses
1261 2644 1307 2708 ti-

231 2749 420 2816 mebantur.
477 2745 589 2814 Noeta
617 2767 684 2835 qna
717 2747 995 2834 probrisnebatnr
1030 2745 1137 2830 legio,
1175 2745 1305 2812 relietis

191 2915 194 2922 .
230 2854 357 2943 passim
380 2847 534 2937 ignibus,
556 2871 636 2938 pars
658 2847 830 2918 Taurinae
850 2846 1000 2915 roloniae
1023 2849 1194 2928 ambusta3
1215 2847 1305 2936 quod

230 2955 406 3034 damnum,
447 2961 486 3020 ut
513 2953 674 3040 pleraque
702 2951 786 3020 belli
815 2953 922 3029 mala,
951 2949 1133 3038 maioribus
1162 2948 1303 3019 aliarum

229 3058 363 3125 urbium
393 3053 545 3122 eledibus
575 3053 820 3123 oblitteratum.
879 3052 1185 3140 Qnartadeeumari
1212 3063 1307 3143 post-

230 3183 330 3249 quem
359 3157 511 3247 Alpibus
538 3155 690 3243 degressi
718 3164 815 3240 sunt,
857 3155 1135 3224 seditiosissimus
1164 3158 1305 3244 quiaque

209 3264 328 3349 signa
341 3259 513 3331 ¹Viennam
535 3259 700 3332 ferebant.
731 3258 904 3328 consensu
926 3261 1099 3325 meliorum
1121 3261 1305 3348 compressi

229 3373 266 3432 et
293 3365 383 3450 legio
410 3362 446 3429 iu
466 3361 676 3450 Britanniam
705 3370 908 3434 transvecta.
958 3367 1014 3434 67.
1045 3359 1223 3430 Proximus
1243 3361 1305 3430 Vi,-

230 3467 326 3536 tellio
348 3489 368 3534 e
390 3465 571 3556 praetoriis
591 3465 788 3534 solertibus
811 3475 921 3533 metus
942 3474 1027 3532 erat.
1058 3461 1214 3556 Sepnrnti
1234 3468 1305 3554 pri-

1203 3591 1305 3650 mum,

283 3740 749 3810 Vettlnrliolnnuslvld.dgr.1t.
849 3745 1022 3801 Viennenses
1040 3744 1237 3806 timebantur]
1266 3747 1307 3798 ob
1414 3773 1415 3798 l

280 3853 749 3915 consummaberunt
793 3824 919 3936 ξέῃὲω
939 3816 963 3884 ¹’
983 3815 1028 3868 ⁶⁵·
1049 3817 1094 3866 ⁶⁶·
1112 3815 1157 3868 ⁷⁷·
1189 3819 1308 3867 ΜΨ

219 3922 389 3986 'vm'1’59'
840 3953 971 4019 ipsiius]
989 3953 1057 4004 Seil-
1071 3951 1187 4018 vigilum
1207 3956 1238 4004 et
1255 3966 1308 4004 nx·

282 4025 431 4090 Anpnstna
445 4024 653 4086 uaeramus]
675 4022 747 4076 Olim
790 4023 948 4092 subieram,
974 4022 1116 4086 ueglantls
1128 4035 1180 4074 nen
1198 4023 1308 4080 exstin-

229 4093 388 4160 Taurasia,
405 4095 486 4148 bodie
499 4093 599 4146 Τιιιίιι.
790 4091 857 4172 οιίι.Ι
