2786 4798
236 169 301 236 lu
532 167 604 238 DE
636 165 1009 240 onnonrnns

236 359 350 406 eernnr
378 341 582 410 nlemnrilnre
612 343 740 430 quatit,
778 363 878 430 quern
909 343 999 410 dier
1036 351 1097 410 ent
1129 343 1357 410 Ais-ieme

237 453 298 510 eut
315 465 373 522 uns
394 447 462 534 ipsi
484 467 502 510 s
524 445 686 515 Cicerone
710 446 833 512 nutele
855 447 978 512 Asinio
1001 449 1202 516 recessisti.

343 581 396 648 ld.
437 579 610 664 Magnam,
632 581 743 668 inquit
765 577 957 662 Secundus,
979 589 1014 646 et
1032 579 1173 663 dignene
1199 589 1351 647 tracte-

237 684 276 744 tu
298 683 525 767 quaestionem
557 683 701 751 movisti.
754 679 822 750 Sed
846 683 923 769 quis
951 705 1022 747 earn
1055 683 1187 750 iustius
1227 687 1348 772 expli-

239 783 331 848 esleit
349 805 447 872 quern
471 798 520 871 tu,
544 787 587 852 nd
610 787 706 852 euius
728 789 891 851 suinmnm
915 785 1137 851 eruditionem
1165 797 1212 852 et
1240 811 1348 876 prse-

92 935 100 950 ,
217 887 483 954 Ιεῐιιιιιίιιὶιιιιιιιι
519 889 686 975 ingenium
714 911 795 956 eure
825 911 957 977 qunque
988 897 1023 953 et
1054 889 1255 958 meditatio
1290 915 1345 955 se-

240 983 369 1056 nessitl

342 1121 389 1190 Et
411 1120 578 1204 Messala,
598 1124 781 1212 Aperiens,
810 1125 938 1214 iuquit,
966 1125 1198 1212 engitrtinnes
1228 1149 1339 1204 mess,

172 1291 175 1299 ,
241 1229 273 1294 si
296 1225 382 1293 illud
404 1248 423 1291 a
446 1223 540 1292 vobis
568 1235 645 1292 ante
672 1227 915 1316 impetravere,
946 1238 985 1296 nt
1006 1251 1067 1296 ves
1086 1250 1240 1319 qunque
1266 1253 1335 1298 ser·

242 1352 368 1398 monem
389 1331 474 1395 hune
498 1337 647 1394 nestrum
671 1329 850 1400 adiuvetis.

341 1462 412 1532 Pru
433 1461 582 1542 dnobus,
603 1461 713 1549 inquit
733 1461 931 1544 Maternus,
959 1467 1133 1558 promitto.
1186 1485 1279 1532 ιιιιιι
1302 1474 1333 1530 et

242 1589 304 1655 ege
324 1575 360 1634 et
373 1565 546 1634 Seenndus
570 1587 788 1653 exsequemur
808 1587 865 1633 ess
887 1578 1019 1656 partes,
1039 1591 1125 1658 quse
1144 1568 1331 1636 intellexe-
1361 1597 1362 1644 3

241 1680 348 1745 rimus
386 1680 420 1738 te
454 1687 519 1736 nnn
555 1677 623 1734 tem
658 1669 813 1736 omisisse
844 1691 944 1756 quem
981 1674 1079 1742 nobis
1119 1673 1328 1760 reliquisse.

242 1781 378 1865 Aprum
403 1771 490 1838 enim
512 1771 621 1837 enlere
641 1771 823 1840 dissentire
843 1781 880 1838 et
901 1783 939 1840 tn
964 1777 1067 1864 paule
1088 1783 1168 1842 ente
1189 1776 1329 1854 dixisti,

243 1882 377 1968 etipse
405 1873 490 1940 setis
518 1875 714 1942 manifestus
743 1883 798 1942 nst
824 1876 1016 1946 iamdudum
1046 1881 1080 1944 iu
1109 1881 1326 1946 eontrarium

243 1979 392 2066 eneiugi,
421 1998 481 2044 nee
514 1998 618 2064 seque
647 1979 756 2063 enirn-n
785 1981 935 2068 perferre
963 1983 1047 2048 lrsne
1076 1989 1233 2048 unstre-
1263 2003 1325 2072 pre

155 2137 161 2148 .
243 2087 456 2174 entiquerurn
479 2079 579 2146 leude
599 2083 820 2153 enuesrdiern.

343 2216 421 2287 Nun
442 2213 549 2298 enim,
569 2213 679 2303 inquit
701 2217 816 2306 Aper,
838 2215 1028 2283 inauditum
1051 2223 1086 2284 et
1105 2215 1321 2284 indefensum

243 2324 413 2394 sesenlunr
440 2325 592 2385 nestrum
620 2318 731 2407 patiar
758 2320 819 2384 hee
846 2325 958 2386 vestre
981 2321 1231 2418 resupinatione
1260 2323 1322 2389 de·

243 2425 363 2498 mueri.
408 2420 477 2491 Sed
499 2421 560 2488 hoe
582 2423 724 2510 primurn
747 2421 979 2509 interregnis,
1000 2443 1085 2510 ques
1107 2425 1238 2491 vocetis
1261 2450 1320 2492 eu-

243 2533 376 2618 tiqune‚
406 2546 503 2614 quern
528 2533 696 2591 erutorum
725 2529 867 2590 estatem
898 2524 1139 2610 significatione
1166 2529 1237 2595 iste
1260 2531 1319 2596 ds-

243 2631 444 2701 terminetis.
474 2649 535 2714 ege
556 2628 643 2692 enim
665 2645 738 2692 eum
759 2625 858 2693 audin
880 2628 1054 2716 antiques,
1074 2631 1238 2720 quosdam
1261 2656 1316 2700 ve-

225 2749 334 2820 teres
357 2741 393 2802 et
414 2731 494 2799 elim
525 2735 622 2796 natos
654 2729 826 2815 iutellign3
856 2751 895 2794 un
926 2732 1008 2797 mihi
1032 2741 1207 2801 versentur
1237 2745 1315 2803 rute

244 2843 360 2910 neulns
388 2834 508 2904 Ulixes
539 2844 574 2900 et
603 2831 750 2914 Nestor,
779 2853 920 2920 querum
952 2844 1045 2902 netes
1076 2837 1154 2902 rnile
1178 2837 1249 2906 lere
1277 2851 1314 2907 et

243 2941 404 3012 tresentis
426 2937 522 3004 runis
545 2939 714 3005 eneeulum
736 2943 887 3002 nostrum
910 2939 1097 3007 antecedit:
1119 2961 1178 3008 vos
1200 2951 1308 3010 eutem

227 3043 502 3115 Demosthenem
525 3049 560 3107 et
580 3039 787 3130 Hyperidem
809 3041 988 3127 profertis,
1017 3064 1102 3130 quos
1131 3045 1212 3112 estis
1233 3069 1310 3113 enn-

243 3159 314 3218 stat
335 3145 486 3233 Philippi
508 3153 543 3212 et
563 3143 751 3212 Alexandri
772 3145 980 3233 temporibus
1001 3147 1173 3229 floruisse,
1193 3149 1238 3214 ita
1257 3158 1307 3216 tn-

243 3275 319 3322 rnen
338 3261 377 3319 ut
398 3249 533 3334 utrique
553 3249 754 3335 superstites
777 3258 900 3324 essent.
937 3271 977 3316 ex
997 3271 1064 3337 qun
1086 3258 1221 3340 apparet
1242 3273 1303 3319 nen
1361 3319 1362 3324 ,

244 3357 349 3424 multe
372 3353 488 3442 plures
509 3373 610 3439 quens
632 3349 894 3439 quadringentos
917 3373 1020 3418 annes
1042 3341 1202 3420 interesse
1220 3352 1303 3422 inter

1248 3480 1303 3526 ne-

310 3580 342 3634 c.
359 3581 402 3631 16.
438 3575 663 3644 qundrtnqentee
679 3575 801 3640 Lipsius.
834 3579 872 3629 st
888 3577 921 3630 n,
938 3575 1094 3630 tercentos.

243 3729 299 3780 qne
324 3727 474 3778 marmora
500 3715 627 3766 clamant
648 3725 761 3779 semper
803 3725 856 3778 qun
868 3716 939 3764 nnn.
952 3712 1000 3778 vl,
1011 3713 1038 3764 7.
1051 3712 1298 3782 Quintil.x‚t,llt.

244 3787 275 3834 et
302 3788 418 3838 atridem
445 3787 552 3851 ruptae
580 3785 692 3837 tectore
710 3796 761 3836 en·
802 3783 925 3846 Xll‚10‚
942 3783 986 3833 11.

242 3852 365 3906 lnmnne.
851 3850 938 3903 0-16.
970 3851 1143 3918 manifestus
1157 3887 1164 3902 .
1179 3887 1186 3901 .
1201 3853 1296 3906 edec-

294 3919 382 3989 Afer]
397 3920 540 3974 vinno.
558 3921 600 3972 re.
800 3918 896 3986 sess]
917 3920 955 3970 ut
968 3923 1039 3970 sun.
1055 3921 1091 3986 n,
1104 3919 1147 3970 er.
1167 3921 1295 3976 snus

297 3985 581 4060 Afrtcnnnellluline,
599 3987 708 4057 Gallu,
724 3987 758 4040 de
800 3989 960 4044 essentne
972 3988 1153 4054 munitates·
