2854 4798
236 251 282 318 64
572 245 977 322 lllS'l'OlilAliUbl

184 424 270 490 salo
299 428 454 512 exempta
482 431 547 495 est.
605 427 766 514 magistra
795 427 973 496 libidinum
1001 423 1168 508 Neronis,
1203 431 1323 495 ιιιιιε-

234 548 352 614 grosse
385 527 421 594 in
448 525 603 596 Africam
633 531 676 598 ad
703 531 930 619 instigandum
961 532 996 598 io
1031 552 1126 598 arma
1157 528 1320 600 Clodium

233 631 405 714 Moerum,
426 631 546 698 lumem
573 636 698 724 populo
719 635 869 705 Romano
896 635 986 702 baud
1014 635 1156 704 obseura
1184 635 1320 714 molita,

233 737 342 804 tutius
369 739 488 824 poetae
516 735 665 803 civitatis
693 739 837 825 gretiam
861 739 1026 822 obtinuit,
1053 737 1223 806 eonsulari
1245 757 1316 802 ma-

233 839 392 907 trimonio
414 837 556 905 subnixu
579 847 615 908 et
633 841 723 930 apud
747 841 907 924 Galbam,
932 842 1111 924 Othonem,
1133 840 1313 908 Vitellium

232 945 371 1026 illaesa,
392 963 466 1009 ruor
488 949 608 1033 potens
631 945 772 1033 pecnnia
790 953 825 1013 et
838 946 1000 1030 orbitate,
1021 967 1108 1035 quue
1128 946 1227 1016 bonis
1241 967 1314 1013 me·

231 1051 344 1138 lisque
366 1043 576 1134 temporibus
597 1044 690 1112 iuxte
712 1049 838 1138 velent.

336 1153 394 1220 74.
437 1145 585 1218 Grebrue
605 1149 738 1218 interim
760 1157 796 1217 et
824 1150 1046 1220 muliebribus
1072 1147 1312 1220 blandimentis

231 1254 375 1322 inleotae
402 1250 445 1318 ab
472 1250 608 1318 Othone
640 1253 683 1318 ad
713 1251 893 1322 Vitellium
931 1254 1097 1344 epistolae
1125 1253 1313 1322 oll‘erebent

229 1357 405 1448 paeonium
427 1359 463 1420 et
484 1354 627 1440 gratiam
648 1365 685 1424 et
705 1379 934 1448 quemcunque
952 1357 1077 1446 quietis
1098 1359 1209 1426 looum
1231 1379 1313 1450 pro-

230 1461 330 1549 digae
351 1460 441 1527 vitue
462 1459 613 1545 legisset.
658 1459 761 1528 Paria
782 1461 947 1530 Vitellius
968 1461 1177 1531 oetentebet:
1198 1463 1310 1552 primo

230 1564 387 1642 mollins,
416 1563 523 1630 stulta
544 1563 703 1652 utrinqne
726 1572 762 1632 et
782 1564 939 1634 iodeeora
968 1565 1201 1649 simulatione,
1232 1588 1310 1634 mox

230 1669 330 1759 quusi
358 1667 507 1734 rixantes
539 1676 658 1755 stupra
685 1671 722 1734 et
742 1667 868 1756 degitis
896 1671 932 1737 in
954 1671 1059 1738 rioem
1089 1669 1310 1752 obieetavere,

229 1779 351 1840 neuim
370 1769 470 1862 laiso.
513 1767 625 1852 Otbo,
651 1773 818 1838 rerooatis
839 1794 925 1862 quos
956 1773 1066 1844 (inibe
1093 1773 1233 1842 miseret
1257 1773 1310 1840 le·

229 1877 340 1964 getis,
358 1895 477 1942 rursus
501 1873 586 1940 elius
609 1873 652 1940 ud
671 1883 851 1966 utrumque
869 1877 1102 1948 Germanian-
1124 1875 1308 1944 exereitum

228 1989 266 2049 et
285 1977 329 2048 ud
358 1978 522 2065 legionem
543 1975 697 2046 ltelieern
725 2001 850 2070 easque
871 2003 957 2070 quse
977 1979 1135 2068 lugduni
1163 1977 1309 2065 egebam

227 2084 343 2177 oopiee
365 2080 476 2172 speeie
497 2088 635 2148 mustus
658 2083 763 2153 misit.
805 2083 927 2170 Legati
950 2081 1040 2173 epud
1055 2081 1235 2150 Vitellium
1252 2105 1308 2151 re-

228 2206 402 2264 mensem,
422 2185 612 2276 promptius
627 2207 726 2274 quam
747 2193 788 2254 ut
806 2187 931 2256 retenti
950 2185 1156 2257 riderentur.
1201 2185 1308 2256 Prae-

225 2289 368 2371 toriuni,
394 2309 479 2378 quoe
500 2309 563 2377 per
583 2288 831 2358 simulationem
852 2290 955 2358 ullieii
981 2291 1105 2377 legatie
1129 2289 1222 2359 Otbo
1243 2293 1306 2358 ed-

224 2399 395 2475 innxeret,
417 2393 550 2462 remissi
564 2401 743 2482 antequem
755 2395 944 2481 legionibus
966 2395 1199 2465 minuerentur.
1227 2394 1306 2464 Ad-

145 2505 152 2514 ’
223 2499 314 2569 elidit
340 2496 504 2587 epistolae
531 2495 658 2564 Fabius
680 2496 809 2566 Valens
837 2499 969 2567 nomina
991 2495 1182 2566 Germenim
1210 2519 1306 2568 exer-

223 2606 312 2674 eitus
334 2600 377 2670 ed
399 2601 590 2690 praetorius
611 2606 647 2668 et
662 2601 808 2670 urbanas
828 2603 993 2684 uobortes,
1014 2601 1057 2670 de
1076 2601 1204 2673 uiribus
1224 2623 1306 2694 per-

222 2711 309 2778 tium
333 2704 528 2793 meguidaas
555 2712 592 2772 et
620 2703 831 2772 ooneordiem
863 2705 1054 2776 offerentes.
1107 2705 1306 2794 inerepabat

221 2816 334 2896 ultro,
361 2808 453 2900 quod
476 2814 571 2876 tanto
592 2815 671 2876 ιιιιιο
702 2806 865 2876 traditum
887 2807 1032 2878 Vitellio
1059 2807 1323 2982 imperiqqnmud¹

1266 2935 1304 2981 ο.

288 3049 321 3102 0.
337 3045 383 3104 74.
418 3043 577 3114 offerebant
592 3045 752 3100 Rhenanus.
786 3049 825 3100 et
840 3048 920 3100 list.
937 3045 1141 3118 offerebantur.

271 3185 361 3242 ωδ.
403 3183 531 3251 ruerem]
555 3184 625 3235 Nam
642 3185 740 3248 Aegy-
782 3195 865 3236 mone
878 3185 1056 3238 adoouvioia
1069 3183 1165 3238 etvini
1179 3195 1302 3252 exaspe-

220 3257 285 3320 ptue
298 3253 432 3306 etllrtoa
440 3255 535 3316 populi
540 3254 659 3306 Bouiani
671 3257 740 3306 ior·
783 3254 849 3307 reti.

219 3337 272 3377 rea
284 3327 382 3390 eram,
407 3325 435 3373 et
449 3324 578 3388 Aegypto
597 3323 625 3374 in
645 3324 740 3374 ouius-
832 3321 970 3384 miseret]
987 3323 1052 3374 vid.
1068 3337 1092 3375 o.
1106 3324 1149 3374 tu.

219 3407 274 3459 qne
287 3393 354 3443 anni
371 3391 576 3455 quadrimestre
590 3394 739 3444 conteren-
832 3391 1072 3457 perieramus]
1094 3393 1227 3458 Speciosa
1247 3403 1302 3446 no-

219 3465 249 3514 te
267 3463 436 3516 trumentum
449 3461 549 3514 Attiou
567 3462 598 3514 lu
613 3462 738 3526 reliquos
780 3461 864 3512 mine.
904 3462 968 3513 vid.
999 3475 1023 3513 o.
1043 3461 1087 3515 76.
1136 3463 1302 3517 Praetento

218 3535 283 3584 octo
307 3543 418 3582 metisse
444 3531 650 3593 suppeditabat.
690 3531 737 3582 lo·
780 3531 906 3583 aeumu-
1178 3563 1182 3570 -

218 3605 296 3668 eepn.
311 3602 342 3651 B.
357 3601 415 3652 iud.
432 3599 456 3662 1,
471 3603 498 3667 ²,
513 3601 555 3652 ti.
584 3603 686 3651 Sevrn.
832 3596 1122 3663 rmaiaaluntequom]
1141 3599 1239 3662 ltaque
1252 3599 1300 3650 in-

269 3669 303 3722 c.
314 3667 359 3722 74.
400 3669 495 3734 primo
514 3669 643 3736 uiduus,
673 3667 737 3719 soil.
781 3671 888 3719 eertum
909 3667 962 3718 tuit
982 3681 1064 3735 uum,
1094 3667 1120 3718 ei
1143 3667 1301 3736 legionibus

218 3739 329 3805 agentis
343 3739 390 3788 vel
406 3740 539 3803 egerunt,
565 3741 595 3788 ut
609 3744 677 3802 Agr.
690 3735 736 3792 iz.
780 3737 859 3789 rnixti
893 3739 1005 3806 essent,
1043 3737 1162 3788 redituri
1192 3739 1301 3790 tuerint

217 3809 283 3860 ideo
295 3807 500 3860 distinetiouenn
513 3805 656 3872 vulgatum
673 3820 736 3858 ιιιιι-
779 3819 876 3860 neone.

219 3877 287 3928 tavi.
822 3875 915 3929 tauto
940 3872 1032 3931 oute]
1062 3872 1211 3926 Duodecim
1237 3874 1300 3926 tere

270 3945 352 4011 quaet
363 3943 512 4004 eluentes]
531 3943 595 3994 lura
615 3943 737 3995 additum
779 3943 884 3997 diebus.
919 3941 1130 3995 Namvitelliue
1146 3944 1300 4008 imperator

217 4015 262 4062 est
276 4015 376 4080 queuair
392 4025 456 4064 uam
470 4013 572 4066 rimari
584 4014 654 4064 nulli
667 4026 736 4078 pos-
779 4015 918 4066 salutatus
933 4013 977 4062 est
989 4012 1014 4060 d.
1029 4011 1066 4066 ll.
1075 4012 1211 4080 ianuarii,
1226 4013 1299 4066 Otbo

216 4085 284 4134 suut
296 4083 351 4136 nisi
370 4085 534 4148 praesentes
546 4085 575 4134 et
592 4083 658 4135 vivo
673 4096 736 4137 ser·
779 4085 806 4135 i.
819 4084 884 4136 XV.
898 4081 945 4132 vel
958 4079 1037 4134 xlv.
