2854 4798
411 287 587 363 niu.11.
629 287 750 364 ‚can
771 277 931 362 eal-ao.
1138 291 1204 361 nn

131 483 232 550 aeguo
251 462 355 531 otium
378 445 521 538 tereret.
543 465 658 535 Navae
680 467 755 557 pari
776 467 923 532 interae
947 459 1058 552 spatio
1080 459 1251 530 validisne.
1273 487 1276 500 ·

131 567 289 655 utrinque
312 567 467 637 trabibus
488 591 653 638 renueras
675 571 850 638 adversum
872 567 907 632 in
936 566 1057 634 flumen
1079 563 1205 651 dirige-

132 667 277 755 horter,
312 673 411 740 iaetis
439 695 542 763 super
573 673 723 755 annonis,
753 693 839 760 qnae
867 669 1060 736 firmitatem
1090 669 1205 760 pontis

133 775 352 874 continerent.
403 777 464 844 aed
493 799 685 844 ancorarum
714 779 811 842 funes
840 797 905 842 uon
935 774 1064 841 extenti
1093 775 1206 840 fluita-

133 879 236 955 haut,
256 885 297 946 ut
315 888 514 966 augescente
535 882 669 947 ilumine
693 879 874 947 inoffensus
896 875 979 944 ordo
999 877 1131 944 uarium
1154 885 1227 943 at-.

134 981 324 1052 tolleretur.
360 984 549 1056 Olaudshut
570 993 705 1072 pontem
729 983 884 1071 impositu
905 982 1013 1049 turris
1036 988 1072 1047 et
1092 981 1128 1047 in
1150 1001 1207 1046 er-

136 1093 277 1150 tremam
301 1107 415 1155 navem
436 1089 575 1172 adnata,
596 1088 684 1154 unde
707 1089 884 1156 tormentis
906 1086 1126 1154 ae'maehinis
1148 1083 1208 1151 ho·

137 1195 208 1255 ates
228 1192 517 1278 propulsarentur.
562 1191 745 1258 Othoniani
773 1193 808 1258 in
832 1193 907 1280 ripa
927 1192 1047 1257 turrim
1076 1197 1208 1256 struxe-

135 1299 233 1370 rant,
255 1313 398 1382 saxaque
419 1301 454 1360 et
474 1295 565 1360 lares
585 1295 829 1364 ianulahantur.
857 1297 912 1365 3⁵.
935 1293 980 1360 Et
1001 1298 1075 1358 eret
1097 1291 1209 1358 inania

138 1417 233 1462 arnna
261 1397 387 1478 medio,
421 1397 456 1464 in
486 1420 584 1485 quam
615 1399 821 1486 gladiatores
851 1397 993 1464 navihus
1022 1395 1209 1477 molientes,

139 1499 298 1568 Germani
319 1499 428 1568 nando
452 1501 742 1590 praelahehsntur.
773 1505 828 1570 Ar
851 1502 939 1568 forte
960 1501 1077 1586 plures
1100 1507 1210 1566 trans·

139 1625 276 1690 grossos
299 1605 477 1694 eompletis
489 1604 683 1674 Lihurnioia
703 1627 766 1696 par
787 1605 1060 1694 promptissimus
1080 1601 1209 1688 gladia·

138 1715 250 1774 tornrn
266 1708 379 1776 Maean
402 1708 607 1796 aggreditur.
651 1708 719 1778 Sed
743 1730 849 1798 neque
872 1729 911 1776 ea
933 1706 1120 1775 onustantia
1137 1705 1209 1792 gla-

139 1809 331 1879 diatoribus·
347 1811 393 1879 ad
416 1813 543 1902 praelia
564 1833 650 1900 quaa
679 1815 863 1894 militibus,
894 1833 954 1878 nea
985 1807 1122 1900 perinde
1149 1829 1210 1874 nu·

140 1923 289 1981 tanteeo
311 1915 451 1982 navibus
474 1937 574 2005 quem
595 1917 713 1984 stabili
732 1915 838 2002 groslu
863 1937 881 1983 e
904 1916 979 2004 ripa
1001 1916 1136 1981 volnera
1158 1911 1211 1980 di·

140 2016 305 2101 rigsheut.
362 2026 399 2086 et
427 2043 502 2088 eum
535 2021 638 2088 variis
666 2004 904 2108 trepidantium
941 2015 1230 2085 inclinationibus·
1296 2031 1302 2052 ¹

144 2121 240 2188 minti
269 2121 415 2208 remiges
445 2133 776 2214 propugnatoresque
805 2125 1041 2204 turbarentur,
1075 2119 1213 2188 desilire

143 2224 180 2290 in
200 2224 285 2292 vada
307 2228 400 2292 ultro
423 2225 598 2309 Ger-nni,
621 2235 789 2296 muniere
811 2247 960 2315 puppes,
983 2223 1143 2294 arandara
1162 2225 1214 2290 in-

143 2347 221 2408 rue,
253 2336 312 2395 aut
339 2331 522 2398 comminus
550 2349 712 2416 mergere.
766 2327 863 2417 Quae
892 2339 1012 2396 eurota
1042 2329 1076 2396 in
1105 2329 1214 2396 oeulis

145 2431 323 2519 utriusque
353 2435 521 2502 exereitus
552 2439 677 2522 quamn
704 2433 848 2500 laetiora
870 2431 1082 2514 Vitellianis,
1118 2439 1215 2500 tanto

146 2534 259 2600 arrius
290 2534 471 2605 Othoniani
501 2559 635 2606 reusam
667 2547 900 2624 arretoremqne
929 2535 1037 2604 olatiis
1067 2533 1215 2604 detesta-

146 2637 280 2708 bantur.
323 2642 379 2712 36.
398 2638 444 2707 ut
465 2643 626 2732 praelium
645 2639 799 2730 quidem,
820 2641 969 2730 abreptis
990 2660 1076 2728 quae
1097 2657 1217 2726 super-

198 2825 283 2881 aeque
295 2815 386 2867 ersom
401 2818 527 2879 tereret]
546 2817 599 2870 Pro
613 2829 660 2872 sa·
753 2819 874 2870 ootnero
886 2815 1059 2884 dtrtpehont]
1078 2816 1100 2866 1.
1113 2829 1138 2866 a.
1152 2817 1216 2880 gle-

148 2883 199 2953 got
212 2883 272 2936 otto
285 2887 395 2948 temone
410 2889 531 2939 tereret.
704 2887 773 2937 dios.
790 2887 833 2937 lix
846 2885 926 2951 virg.
941 2891 1008 2936 nen.
1023 2885 1060 2948 x,
1070 2885 1129 2936 139.
1147 2885 1217 2935 Vul-

199 2953 383 3018 strtaonalh
395 2969 481 3020 prora
493 2959 522 3008 et
533 2967 552 3007 s
564 2969 662 3020 puppe.
704 2967 778 3008 nere
791 2957 920 3022 diripera
933 2957 963 3006 at
980 2957 1105 3006 edamur
1117 2965 1217 3006 arrao-

199 3025 301 3086 auper]
317 3024 340 3073 1.
352 3037 377 3078 e.
391 3025 520 3092 insuper,
537 3029 569 3076 ut
582 3027 662 3090 virg.
704 3037 870 3078 revenere.
894 3024 959 3074 Viti.
976 3024 1003 3074 in
1019 3027 1090 3075 Anu.
1105 3023 1198 3090 11,17.

150 3091 184 3146 Δ.
200 3093 239 3158 11,
250 3093 295 3144 70.
319 3093 453 3145 Similiter
466 3099 537 3146 Anu.
552 3095 603 3161 ill,
616 3094 661 3144 16.
757 3095 851 3146 nortis
862 3130 869 3143 .
880 3093 1134 3153 ‚iaoltnattooihffl
1147 3093 1218 3142 Dum

201 3163 298 3214 turris
313 3197 320 3212 .
334 3197 342 3213 .
357 3164 480 3227 adnoto]
503 3167 574 3216 Erat
594 3167 665 3215 haeo
704 3163 823 3227 remiges
842 3175 980 3229 pugnare,
998 3165 1218 3227 propngustorea

151 3229 238 3281 turris
266 3233 451 3286 ambulatoria
472 3237 520 3286 val
544 3233 663 3298 monilis,
704 3233 842 3298 remigare
861 3245 911 3296 per
934 3233 1146 3297 trepidationem
1164 3243 1217 3283 vo·

151 3311 222 3362 quae
236 3299 309 3352 sient
322 3313 340 3352 a
352 3301 434 3356 caes.
448 3305 478 3356 ii.
495 3305 529 3356 G.
542 3303 610 3371 Vll,
619 3297 664 3354 14.
705 3304 776 3354 lunt.

151 3369 253 3420 radant
275 3369 391 3438 (linitur,
422 3373 462 3424 ita
479 3376 506 3426 h.
524 3374 544 3424 1.
565 3373 594 3423 iu
613 3385 664 3423 ax·
756 3371 788 3420 in
800 3369 902 3430 emur]
925 3369 990 3420 Soli.
1003 3370 1094 3433 tacta,
1111 3371 1201 3432 gesta.

152 3439 376 3490 tremamnavam
392 3443 568 3506 edoctnest3
585 3439 665 3492 aimi-
757 3437 788 3490 O.
800 3441 844 3490 36.
884 3437 1011 3505 obreptio
1024 3439 1220 3490 tumoroso-

152 3507 219 3556 iiter
231 3505 304 3556 illst.
317 3509 355 3574 V,
364 3509 406 3561 ra
419 3514 506 3563 moira
519 3512 624 3563 stuata
636 3510 667 3560 tn
709 3508 789 3576 vina,
806 3511 835 3558 ut
847 3509 883 3574 V,
896 3511 941 3560 22.
964 3507 1147 3560 Proetortooi
1165 3521 1221 3558 aa·

153 3575 296 3628 namn.
708 3589 792 3630 uem.
810 3577 991 3644 abripiunt,
1010 3577 1074 3627 ooli.
1088 3577 1220 3643 Annlii,

206 3643 237 3695 O.
252 3641 295 3694 15.
326 3647 667 3710 praenominatorum.
710 3647 751 3698 17.
768 3645 848 3712 xiv,
861 3645 887 3699 8.
908 3649 934 3697 h.
949 3659 974 3696 e.
990 3647 1090 3710 raptim
1103 3645 1220 3695 eremis.

154 3709 284 3779 ipram
301 3707 452 3780 νηχόμενοι.
493 3715 666 3779 Praepositio
710 3717 869 3780 Quanquam
894 3719 962 3768 haeo
986 3715 1020 3765 tle
1037 3713 1136 3766 tortili
1155 3715 1220 3764 notu

156 3783 191 3832 da
205 3781 361 3846 Germania,
374 3785 433 3834 ne.
446 3785 560 3834 Batavis
574 3785 667 3836 etvt·
709 3786 844 3836 dicuntur.
877 3787 932 3836 hta.
946 3784 1087 3846 arrepto.
1121 3784 1220 3844 surpi-

157 3849 291 3913 teliiauis,
315 3851 385 3902 solis
401 3853 590 3922 intelligenda,
604 3865 668 3905 nam
709 3867 759 3905 eor
772 3855 879 3919 ereptir
892 3855 953 3905 seii.
970 3853 1104 3918 portorio,
1121 3851 1221 3904 uncte.

156 3920 327 3984 gladiatores
349 3924 395 3974 sai
415 3923 563 3974 Othoniani
582 3924 668 3976 naui·
709 3925 757 3975 nr.
772 3935 815 3986 ap.
829 3923 941 3984 Quintil.
957 3923 1080 3986 vinna,
1098 3917 1141 3971 tu.
1172 3921 1224 3972 ln-

156 3991 207 4039 tns
217 3988 402 4060 uiolentur,
419 3995 450 4042 nt
463 3991 542 4044 ovid.
556 3991 667 4060 ilanx,
709 3993 835 4060 tegritas
850 3997 901 4046 tao
921 3995 951 4045 ta
964 3989 1125 4058 perpasti.
1140 4026 1146 4040 .
1167 4001 1223 4055 po·

157 4055 202 4109 ⁶5·
220 4059 256 4110 [11
268 4060 336 4109 rote
348 4061 542 4129 {amputato
551 4073 607 4130 uer
618 4075 668 4115 as·
710 4063 767 4114 aer
782 4063 907 4130 eruant,
925 4061 988 4113 otto
1005 4061 1141 4113 anteacta
1157 4069 1223 4110 rar·

158 4139 250 4192 rasore
261 4127 352 4180 lotor.
710 4129 802 4184 ouon.
819 4132 996 4197 tripolion,
1013 4130 1141 4195 qnoniam
1156 4129 1223 4180 suh-
