2874 4802
423 297 530 374 ΗΒ.
549 297 617 372 Ill.
658 295 780 372 GAP.
801 305 917 376 8-9.
1144 301 1209 370 165

133 469 347 542 deditionem·
366 473 489 562 subigi.
539 473 664 543 Eadem
686 441 863 543 ltlueianus
891 475 1020 542 enebris
1048 475 1254 565 epistolisss.

4 611 8 624 ·
134 577 305 659 monebat,
343 581 548 646 inornantem
577 587 613 646 et
642 580 717 645 sine
749 581 844 646 laetu
870 579 1111 648 victoriam'et
1137 577 1205 644 alia

133 681 362 750 lmiusoemotli
377 683 611 771 praetexenda,
631 679 691 750 sed
701 755 703 760 ,
713 682 841 768 glorias
856 681 973 748 avidus
993 691 1094 770 atquo
1108 673 1204 747 omne

4 829 6 854 ξ
134 783 216 850 belli
237 783 339 852 deeus
367 788 434 854 silsi
454 789 615 858 retinens.
665 795 814 853 osterum
838 805 878 851 er
899 785 1107 852 distantibus
1135 792 1205 850 tor-

4 923 5 934 1
132 907 245 954 rerum
269 889 390 976 spatiis
412 892 552 958 oonsilio
574 897 652 980 post
675 911 731 956 res
753 887 989 957 offerebantur.
1032 893 1066 958 9.
1092 885 1205 971 Igitur

136 989 309 1076 repentino
338 991 474 1060 ineorsu
498 995 670 1062 Antonius
697 992 862 1058 stationes
891 991 1037 1060 hostium
1067 991 1204 1084 irrupit,
1271 1045 1276 1058 .

134 1091 339 1181 tantatisque
371 1095 438 1162 levi
470 1097 598 1184 praelio
636 1095 755 1161 animle
790 1117 830 1161 ex
866 1115 972 1182 aequo
1007 1094 1204 1162 dissessum.
1253 1177 1254 1181 Ἰ

134 1193 211 1262 llos
234 1193 375 1264 Gaeeino
402 1199 492 1266 inter
511 1197 715 1279 Hostiliam,
748 1197 855 1265 risum
879 1197 1141 1279 veronensium,
1169 1205 1204 1266 et

134 1295 276 1385 paludes
299 1299 440 1370 Tartari
467 1303 613 1370 fluminis
634 1309 747 1370 eostre
775 1301 974 1390 permuniit,
1003 1307 1098 1367 tutus
1119 1303 1205 1380 loeo,

134 1421 209 1468 oum
232 1409 326 1490 terga
354 1405 507 1485 flumine,
537 1409 647 1474 intera
676 1405 808 1473 obiectu
838 1403 973 1493 paludis
999 1410 1206 1489 tegerentur.

134 1505 256 1592 quodsi
284 1507 438 1578 alinuset
467 1509 569 1592 tides,
600 1515 659 1575 ant
672 1569 675 1576 .
688 1505 832 1596 opprimi
859 1507 1025 1574 universis
1046 1504 1206 1573 Vitellia-

134 1631 253 1676 norum
274 1611 406 1699 ,viribus
428 1612 515 1682 duae
546 1615 723 1701 legiones,¹
744 1607 888 1677 nondum
917 1607 1093 1676 eoniune'to
1114 1607 1207 1674 llae-
1313 1685 1314 1696 ἵ

136 1713 206 1780 sioo
228 1716 397 1799 exereitu,
424 1723 583 1805 potuere,
615 1723 675 1784 out
703 1723 795 1784 retro
821 1721 915 1780 artae
943 1711 1079 1780 deserta
1102 1711 1206 1778 ltalia

135 1823 268 1906 turpem
299 1819 412 1906 fugam
444 1813 719 1890 conscivissent(
747 1815 807 1885 sed
837 1815 977 1883 Gaseina
1006 1837 1067 1904 par
1094 1815 1207 1883 varias

136 1941 247 1988 moros
269 1921 378 2010 prima
397 1923 552 1992 hostibus
574 1923 725 2012 prodidit
746 1929 897 2009 tempora
920 1919 1012 2000 belli,
1029 1919 1107 1987 uum
1123 1941 1208 2007 quos

136 2025 237 2091 armis
259 2027 387 2115 pellere
407 2035 597 2116 promptum
622 2035 713 2106 erat,
737 2024 893 2113 epistolis
916 2025 1082 2112 inerepat,
1103 2022 1208 2088 donee

135 2149 197 2218 par
218 2129 353 2197 nuntios
374 2137 471 2216 paeto
493 2130 655 2218 perfidiae
675 2133 836 2198 firmaret.
885 2113 1027 2195 Interim
1050 2126 1208 2214 Aponius

137 2233 339 2302 Saturninus
378 2253 452 2298 eum
489 2233 620 2318 legione
658 2231 802 2321 septime
841 2227 1028 2298 Claudiana
1063 2230 1209 2298 advenit.

136 2337 261 2422 legioni
294 2335 450 2403 tribunus
478 2333 666 2422 Vipstanus
708 2333 855 2401 Messala
894 2341 1070 2422 praeerat,
1107 2335 1209 2399 elaris

4 2519 5 2522 Ἴ
138 2439 340 2522 maioribus,
371 2437 526 2524 egregius
555 2439 645 2526 ipse,
675 2447 711 2506 ot
730 2439 800 2525 qui
821 2439 914 2504 solus
945 2435 988 2503 ael
1018 2436 1054 2502 io
1085 2437 1209 2502 bellum

138 2551 230 2610 artes
251 2541 356 2609 bonae
381 2541 567 2611 attulisset.
609 2541 683 2610 llas
706 2541 749 2606 ad
770 2541 886 2628 eopias
908 2559 1118 2628 nequaquam
1141 2537 1210 2605 Vi-

139 2647 288 2714 tellianis
308 2665 407 2732 paras
437 2643 587 2732 (quippe
608 2651 680 2710 tres
704 2641 812 2709 adhue
835 2643 986 2728 legiones
1009 2641 1128 2724 orant)
1149 2639 1210 2706 mi-

137 2752 185 2818 sit
207 2749 369 2838 epistolas
392 2744 555 2826 Gaaaina,
583 2744 808 2822 temeritatem
831 2749 919 2812 vieta
946 2766 1036 2812 erma
1061 2749 1211 2809 traetaa-

138 2855 223 2921 tium
253 2853 420 2919 ineusans.
472 2849 575 2916 simul
598 2848 706 2916 virtus
730 2845 920 2915 Germanioi
943 2848 1108 2915 exereitus
1137 2847 1211 2912 lau-

138 2957 238 3024 dibus
267 2953 507 3033 attollebatur,
535 2949 673 3018 Vitellii
702 2949 830 3019 modico
860 2958 896 3016 st
917 2950 1047 3037 volgari
1071 2948 1211 3014 mentio-

138 3083 196 3142 ns,
232 3057 325 3126 nulla
354 3054 387 3122 iu
417 3053 667 3143 Vespasianum
698 3054 919 3120 contumelio:
955 3054 1040 3120 nihil
1068 3074 1209 3142 prorsus

137 3161 229 3252 quod
249 3169 309 3228 out
328 3165 557 3247 corrumperet
578 3159 707 3226 hostem
737 3165 797 3224 aut
820 3163 976 3224 terreret.
1030 3155 1210 3223 Flaviana-

139 3265 382 3355 rumpentium
411 3261 532 3346 dures,
562 3263 687 3330 omissa
716 3261 841 3350 prioris
870 3261 1025 3328 fortunae
1047 3259 1211 3328 defensio·

207 3439 239 3491 C.
255 3443 283 3492 8.
315 3441 381 3504 post
397 3451 448 3491 ree
465 3439 525 3490 soil.
545 3443 640 3503 gestes
659 3439 719 3489 eid.
738 3449 773 3488 ex
792 3437 825 3487 rt.
846 3437 884 3486 st
900 3439 953 3488 llo.
970 3440 1079 3500 partes.
1114 3437 1211 3502 suspi-

174 3523 238 3560 oor:
259 3511 395 3572 patratis.
411 3511 483 3561 aun.
502 3509 566 3574 xil,
586 3513 630 3560 zo.
666 3505 769 3572 molare
784 3505 923 3570 patratis.
958 3507 1049 3558 Doro.

190 3645 260 3705 ssd]
283 3645 348 3694 soil.
365 3655 485 3710 revera,
507 3645 571 3706 quie
591 3647 654 3710 glo·
750 3641 1075 3710 mosomensem]
1088 3645 1211 3694 Μία-

143 3713 202 3763 riae
223 3713 322 3762 aridus
341 3715 419 3775 eret,
443 3716 474 3762 ut
494 3714 559 3764 olibi
577 3717 654 3766 cete·
698 3711 819 3778 cissent,
843 3713 874 3761 ut
892 3711 991 3762 Livius
1010 3713 1122 3774 possim.
1152 3715 1212 3763 llu-

140 3795 208 3834 roes
220 3782 366 3844 opponitur
378 3783 544 3843 praetentat.
698 3781 804 3842 pertiae
819 3781 940 3844 explieat
955 3781 1160 3834 deereotssent.

193 3851 224 3901 G.
239 3853 265 3900 9.
298 3851 461 3910 Hostiliam]
476 3851 563 3902 llodie
576 3851 654 3902 tisti—
840 3857 842 3862 ’

142 3919 209 3986 olia-
230 3949 265 3960 --
303 3919 425 3969 Tartari
443 3920 560 3969 luminis
583 3920 656 3970 luter
747 3889 899 3951 imiimi]
934 3889 1119 3958 (terniones,
1150 3910 1213 3944 m.

92 3981 94 3986 ’
142 3991 260 4040 Athesin
276 3991 304 4038 et
317 3987 419 4038 Petam
433 3991 462 4038 et
481 4001 532 4050 per
551 3991 656 4040 tussam
698 3952 759 4022 ⁰⁰¹3*
775 3955 921 4024 ‘'tillim-

144 4058 219 4108 Peto
239 4057 394 4120 comunem
417 4058 497 4108 nodie
517 4057 655 4111 Tartaro.
750 4059 967 4121 corrumperet]
990 4058 1012 4110 1.
1025 4073 1050 4113 e.
1064 4065 1099 4115 eo
1113 4063 1217 4118 tresel-

145 4131 182 4180 At
194 4130 246 4183 nto.
263 4127 395 4180 Hostiam
407 4131 436 4179 et
448 4127 582 4180 mttere.
702 4126 803 4179 tionem
822 4129 958 4178 ellloeret.
