2854 4798
452 181 558 257 ΗΒ.
581 181 611 252 Ι.
653 179 777 253 CAP.
800 182 959 254 tiu—8⁷.
1195 180 1241 252 ⁷5

160 353 278 422 subita
306 353 523 426 inundatione
549 357 706 440 Tiberis,
733 356 793 445 qui
819 356 981 422 immenso
1010 357 1129 436 anain,
1158 374 1289 444 pro-oe.

160 465 267 548 rupto
290 467 393 548 ponto
409 461 577 544 Sublieio,
600 485 638 529 ae
660 471 774 548 straga
796 460 962 526 obstantis
984 457 1082 524 molis
1105 459 1240 526 retusus

161 583 231 629 non
254 563 353 631 modo
374 565 517 632 iurantia
540 573 577 632 et
598 570 697 656 plane
712 565 809 632 urbis
830 567 904 630 lora
927 560 987 630 sad
1009 581 1128 628 esoni-a
1151 563 1241 629 eins·

162 665 257 734 modi
279 689 415 735 casuum
438 671 601 760 implerit.
652 670 745 758 rapti
768 690 787 734 e
810 667 944 758 publico
967 665 1139 755 plerique,
1164 667 1241 755 pln-

160 771 278 837 resin
307 771 457 840 tabernis
486 780 522 840 et
542 773 710 840 eubilibus
739 773 930 860 intercepti.
979 770 1085 836 lemos
1113 771 1149 836 in
1170 773 1241 838 rol·

160 895 228 960 gua
256 875 369 966 iuopia
392 885 552 963 quaestus
573 883 609 944 ei
630 876 770 964 penuria
793 876 1038 944 alimentorum.
1080 883 1241 964 corrupta

162 978 401 1065 stagnantibus
423 981 521 1067 aquis
541 980 725 1046 insularum
747 977 973 1058 fundamenta,
994 975 1071 1044 daiu
1092 999 1242 1045 mursan-

163 1089 201 1148 te
226 1083 360 1149 flumine
390 1083 533 1172 dilapsa.
584 1092 689 1171 utque
716 1084 860 1173 primum
889 1103 1013 1150 raouus
1042 1103 1062 1147 a
1089 1084 1241 1170 periurio

163 1187 298 1254 animus
319 1186 404 1266 tuit,
426 1185 461 1252 id
483 1187 593 1273 ipsum
611 1185 702 1275 quod
724 1187 857 1276 paranti
874 1183 1122 1272 expeditionem
1133 1186 1240 1254 Otho-

164 1287 201 1356 ni
223 1311 358 1378 eampus
376 1288 523 1356 Martius
544 1300 580 1356 et
600 1291 654 1358 vio
674 1290 851 1370 Flaminia,
870 1289 937 1354 iter
957 1288 1050 1370 belli,
1070 1298 1163 1357 assat
1181 1291 1242 1358 ob-

163 1400 353 1474 struetum,
383 1393 576 1460 aiortuitis
603 1397 658 1460 vel
684 1394 895 1460 naturalibos
925 1392 1038 1459 oausis
1063 1393 1099 1459 in
1126 1393 1242 1482 predi-

164 1495 256 1582 gium
279 1501 315 1560 et
335 1515 431 1562 omen
450 1495 689 1565 imminentium
708 1497 852 1564 oladinm
876 1495 1081 1565 vertebatur.

270 1634 327 1702 8⁷.
375 1627 467 1695 Otho
490 1629 636 1697 lustrata
659 1631 741 1697 urbe
772 1639 808 1698 et
835 1633 989 1721 expensis
1016 1629 1099 1696 belli
1128 1626 1242 1696 oonsi-

165 1731 225 1800 liis
249 1731 381 1822 quando
403 1729 550 1800 Peniuae
573 1733 773 1822 Cottiaeque
795 1735 906 1823 Alpes
929 1743 964 1800 et
985 1733 1090 1802 uetari
1112 1733 1243 1804 Gallia·

166 1855 242 1902 rum
276 1835 389 1903 aditus
411 1833 608 1904 Vitellianis
632 1839 833 1905 exercitibus
863 1833 1124 1920 claudebantur,
1152 1835 1242 1905 Nar·

165 1939 345 2008 burensem
364 1937 509 2007 Galliam
533 1939 672 2026 aggredi
693 1943 833 2022 statuit,
853 1943 962 2007 olasse
982 1939 1094 2008 valida
1114 1947 1150 2008 et
1164 1961 1243 2030 par-

168 2043 260 2109 tibus
283 2039 369 2124 fida,
391 2041 481 2130 quod
503 2045 651 2131 reliquos
674 2066 845 2111 caesorum
866 2043 909 2110 ad
933 2053 1067 2134 pontem
1079 2045 1241 2112 Mulvium

167 2153 204 2212 et
225 2146 366 2216 saevitia
388 2145 516 2213 Galbae
538 2147 574 2213 iu
596 2145 781 2215 custodiam
804 2149 937 2216 habitos
960 2150 995 2214 in
1016 2171 1172 2215 numeros
1193 2150 1243 2214 le·

167 2251 277 2338 gionis
298 2258 552 2339 composuerat,
573 2251 662 2318 faeta
678 2259 713 2317 et
736 2251 857 2318 ueteris
879 2273 940 2338 spe
961 2253 1185 2324 honoratioris
1207 2252 1243 2318 iu

233 2443 330 2508 iuopia
346 2445 483 2507 usqimai
497 2443 534 2514 ll,
553 2447 579 2496 2.
597 2445 724 2511 cyprum
742 2447 843 2497 absunt
860 2447 962 2511 ultim,
978 2445 1057 2496 ouius
1076 2447 1105 2496 in
1118 2445 1243 2511 margine

201 2514 316 2576 antiqno
331 2525 429 2564 maniis
452 2515 517 2578 „uio
534 2514 627 2566 deicit
643 2530 726 2570 unum
742 2517 849 2568 toltum.
883 2515 1037 2568 dimittatur
1054 2516 1174 2580 spatium
1190 2529 1243 2579 pro

202 2581 275 2634 dieto
293 2579 391 2634 tolio.“
424 2583 553 2636 ussus.

218 2721 377 2784 prerupto]
396 2720 487 2784 ltnpto
507 2731 541 2771 ao
557 2723 682 2788 proruto,
725 2720 877 2784 nuperum
897 2733 959 2771 ouri
982 2717 1153 2772 vertebatur
1172 2731 1242 2770 oon-

170 2789 200 2840 ut
220 2791 291 2838 Anu.
308 2789 374 2852 XV,
393 2784 438 2840 40.
486 2790 593 2842 Passim
610 2803 683 2854 pro·
725 2791 832 2857 iunxit,
851 2791 882 2839 ut
894 2790 957 2842 niv.
968 2790 1004 2856 ll,
1019 2791 1063 2840 27.
1077 2788 1243 2840 Periculum

170 2869 305 2921 rumpere
318 2858 348 2906 vi
366 2857 516 2908 transitive
527 2860 683 2924 legebatur,
725 2860 757 2910 tu
770 2859 934 2911 creditores
946 2873 965 2908 σ
983 2858 1158 2909 debitoribus
1171 2871 1242 2908 oer-

171 2928 257 2978 doneo
267 2938 413 2990 proruere
420 2929 643 2993 substitueretur,
652 2931 683 2978 ut
726 2931 815 2981 terat.
849 2927 942 2992 Vulgo
955 2929 1019 2990 post
1031 2927 1125 2978 causis
1136 2938 1243 2978 comma

170 2997 251 3046 Gaea.
272 2995 302 3046 li.
316 2997 391 3046 Gaii.
406 2997 456 3062 ill,
471 2999 513 3048 2⁶.
537 2999 682 3063 curtili,
725 3001 852 3062 ponitur,
883 2998 912 3046 in
931 3009 985 3060 quo
1004 2998 1052 3048 vel
1071 3007 1202 3061 praepos.
1223 3011 1244 3048 u

171 3066 213 3118 1³.
247 3065 427 3128 Proruptum
455 3069 571 3125 ostium.
602 3067 682 3133 Virg.
726 3068 873 3122 offensioni
887 3069 939 3116 est.

171 3135 203 3186 e.
218 3133 684 3268 {herbataffliffifflmunt
726 3169 808 3292 24⁰⁸
820 3170 864 3222 sn.
880 3169 1022 3229 amorosa]
1037 3165 1243 3234 ntimxni,

170 3274 685 3408 ιιιιιιιι·ιιιι.ιιι
777 3303 1242 3373 10-0-

172 3413 287 3462 neseiat
302 3413 397 3462 turum
410 3413 439 3462 et
458 3417 558 3464 netum
578 3417 684 3477 tenpo-
776 3409 807 3443 ἰ
834 3394 995 3444 emtarum
1020 3390 1149 3474 ratitos]
1176 3389 1242 3470 Igiv.

171 3491 232 3532 rum
239 3495 248 3544 3
265 3481 467 3532 alimentorum
484 3484 609 3545 penuria
622 3487 686 3534 orta
728 3463 823 3530 xxii,
845 3462 887 3514 25.
918 3462 1013 3524 Prope
1031 3473 1062 3509 m
1082 3459 1244 3542 custodium

171 3549 330 3602 exdnminis
345 3549 531 3601 inundatione.
542 3553 684 3605 Plutarch.
727 3533 861 3616 *imfim-
907 3531 965 3614 {⁴0⁰
991 3533 1168 3579 amusium
1191 3541 1243 3590 91⁰

173 3621 231 3671 oti.
240 3615 266 3668 4-
284 3616 412 3670 πλεῖστον
424 3613 452 3668 dd
466 3617 641 3680 κατέκλυσεν,
654 3619 685 3673 e’u
728 3606 851 3654 ²b¹²t¹V⁰
865 3603 981 3663 limus·
1015 3598 1118 3659 Nffll’ii
1138 3596 1244 3680 Μῡθζθ

172 3679 192 3752 ᾧ
204 3683 253 3740 etv
265 3681 310 3738 ἔπι
321 3681 420 3754 πράσει
432 3681 598 3738 διαπωλοῦσι
609 3691 686 3741 siros
728 3677 759 3724 Ut
779 3671 929 3734 effidima
940 3667 1108 3750 'prothum
1131 3666 1244 3730 'ignifl-

172 3751 206 3812 ὥς
225 3751 316 3820 δεινήν
330 3749 450 3819 ἀπορίαν
461 3750 570 3821 ἡμερῶν
584 3755 686 3823 συχνῶν
728 3745 774 3793 0²t
785 3743 870 3809 oeten
878 3753 887 3802 ι
909 3743 994 3789 etium
1009 3749 1039 3786 in
1052 3733 1153 3800 tidem,
1173 3747 1243 3787 oro-

172 3824 323 3890 ιατασχιῖν.
378 3825 471 3888 vulgo
494 3829 558 3886 post
582 3829 685 3894 suique
728 3811 835 3863 tionem
855 3808 966 3860 tatere.
1000 3809 1108 3870 Syron.
1125 3805 1188 3854 Lat.
1211 3806 1242 3856 τ,

172 3893 357 3958 distinguitur.
727 3881 779 3932 Vl.
792 3895 819 3943 p.
828 3879 887 3929 1⁵³.

220 3963 383 4023 ‘mantel
398 3963 421 4013 l.
435 3977 459 4013 e.
476 3962 538 4011 dum
553 3965 666 4014 remeat.
778 3975 931 4029 numeros,
954 3962 973 4013 i.
992 3973 1019 4025 q.
1041 3962 1188 4026 orientes,
1213 3961 1244 4009 ut

222 4045 241 4083 σ
261 4031 397 4102 fortuitis
423 4067 430 4081 .
455 4067 462 4083 .
485 4033 581 4084 causta
606 4035 683 4085 reete
727 4036 789 4086 no.
